Automatically generated by Mendeley Desktop 1.17.6
Any changes to this file will be lost if it is regenerated by Mendeley.

BibTeX export options can be customized via Options -> BibTeX in Mendeley Desktop

@book{1987,
address = {М.},
editor = {Стефанюк, В. Л.},
file = {:C$\backslash$:/Users/sanek/Documents/Mendeley Desktop/Unknown/1987/Unknown - 1987.djvu:djvu},
language = {russian},
pages = {247},
publisher = {Мир},
title = {{Реальность и прогнозы искусственного интеллекта: сборник статей}},
year = {1987}
}
