Automatically generated by Mendeley Desktop 1.17.6
Any changes to this file will be lost if it is regenerated by Mendeley.

BibTeX export options can be customized via Options -> BibTeX in Mendeley Desktop

@article{1999,
author = {Кузнецов, С. О.},
file = {:C$\backslash$:/Users/sanek/Documents/Mendeley Desktop/Научно-техническая информация. сер. 2. Информационные процессы и системы/1999/Кузнецов - 1999.pdf:pdf},
journal = {Научно-техническая информация. сер. 2. Информационные процессы и системы},
language = {russian},
number = {1-2},
pages = {57--61},
title = {{О некоторых вопросах анализа понятий}},
year = {1999}
}
