Automatically generated by Mendeley Desktop 1.17.6
Any changes to this file will be lost if it is regenerated by Mendeley.

BibTeX export options can be customized via Options -> BibTeX in Mendeley Desktop

@book{2002,
address = {М.},
author = {Тарасов, В. Б.},
language = {russian},
pages = {352},
publisher = {Эдиториал УРСС},
title = {{От многоагентных систем к интеллектуальным организациям: философия, психология, информатика}},
year = {2002}
}
