Automatically generated by Mendeley Desktop 1.17.6
Any changes to this file will be lost if it is regenerated by Mendeley.

BibTeX export options can be customized via Options -> BibTeX in Mendeley Desktop

@book{2004,
address = {М.},
editor = {Астапов, В. М. and Микадзе, Ю. В.},
file = {:C$\backslash$:/Users/sanek/Documents/Mendeley Desktop/Unknown/2004/Unknown - 2004.pdf:pdf;:C$\backslash$:/Users/sanek/Documents/Mendeley Desktop/Unknown/2004/Unknown - 2004(2).pdf:pdf},
isbn = {5929201358},
language = {russian},
pages = {80},
publisher = {ПЕР СЭ},
title = {{Атлас ``Нервная система человека. Строение и нарушения''}},
year = {2004}
}
