Automatically generated by Mendeley Desktop 1.17.6
Any changes to this file will be lost if it is regenerated by Mendeley.

BibTeX export options can be customized via Options -> BibTeX in Mendeley Desktop

@book{2005a,
address = {М.},
edition = {4-е},
editor = {Мешкова, Н. Н. and Федорович, Е. Ю.},
file = {:C$\backslash$:/Users/sanek/Documents/Mendeley Desktop/Unknown/2005/Unknown - 2005.pdf:pdf},
isbn = {5936920348},
language = {russian},
pages = {376},
publisher = {УМК ``Психология''},
title = {{Хрестоматия по зоопсихологии и сравнительной психологии}},
year = {2005}
}
