Automatically generated by Mendeley Desktop 1.17.6
Any changes to this file will be lost if it is regenerated by Mendeley.

BibTeX export options can be customized via Options -> BibTeX in Mendeley Desktop

@book{2008,
address = {М.},
author = {Ивин, А.},
file = {:C$\backslash$:/Users/sanek/Documents/Mendeley Desktop/Unknown/2008/Ивин - 2008.pdf:pdf},
language = {russian},
pages = {336},
publisher = {ООО "Издательство Оникс"},
title = {{Логика: Учеб. пособие для студентов вузов}},
year = {2008}
}
