Automatically generated by Mendeley Desktop 1.17.6
Any changes to this file will be lost if it is regenerated by Mendeley.

BibTeX export options can be customized via Options -> BibTeX in Mendeley Desktop

@article{2009a,
author = {Карпов, В. Э. and Вальцев, В. Б.},
file = {:C$\backslash$:/Users/sanek/Documents/Mendeley Desktop/Искусственный интеллект и принятие решений/2009/Карпов, Вальцев - 2009.pdf:pdf},
journal = {Искусственный интеллект и принятие решений},
keywords = {plan},
language = {russian},
mendeley-tags = {plan},
number = {2},
pages = {58--69},
title = {{Динамическое планирование поведения робота на основе сети ``интеллектуальных'' нейронов}},
year = {2009}
}
