Automatically generated by Mendeley Desktop 1.17.6
Any changes to this file will be lost if it is regenerated by Mendeley.

BibTeX export options can be customized via Options -> BibTeX in Mendeley Desktop

@article{2010,
abstract = {Проанализирована эволюция поколений роботов, сформулированы требования к роботам четвертого поколения как когнитивным агентам. Показано, что важнейшим качеством когнитивного агента является ситуативное гранулирование информации, необходимое для работы в условиях неопределенности. В контексте построения пространственных гранул введена статическая пространственная логика для моделирования взаимодействия робота с внешней средой. Исследованы варианты распространения нечетких лингвистических ограничений в задачах анализа про- странственной ситуации.},
author = {Калуцкая, А. П. and Тарасов, В. Б.},
file = {:C$\backslash$:/Users/sanek/Documents/Mendeley Desktop/Программные продукты и системы/2010/Калуцкая, Тарасов - 2010.pdf:pdf},
journal = {Программные продукты и системы},
keywords = {автономный агент,взаимодействие агента со средой,зические логики,когнитивный робот,логики расстояний и направлений,обобщенные ограничения,пространственные логики,псевдофи-,среда},
language = {russian},
number = {2},
pages = {111--115},
title = {{Моделирование взаимодействия робота с внешней средой на основе пространственных логик и распространения ограничений}},
year = {2010}
}
