Automatically generated by Mendeley Desktop 1.17.6
Any changes to this file will be lost if it is regenerated by Mendeley.

BibTeX export options can be customized via Options -> BibTeX in Mendeley Desktop

@article{2010a,
author = {Калуцкая, А П and Тарасов, В Б},
file = {:C$\backslash$:/Users/sanek/Documents/Mendeley Desktop/Программные продукты и системы/2010/Калуцкая, Тарасов - 2010(2).pdf:pdf},
journal = {Программные продукты и системы},
language = {russian},
number = {2},
pages = {111--115},
title = {{Моделирование взаимодействия робота с внешней средой на основе пространственных логик и распространения ограничений}},
year = {2010}
}
