Automatically generated by Mendeley Desktop 1.17.6
Any changes to this file will be lost if it is regenerated by Mendeley.

BibTeX export options can be customized via Options -> BibTeX in Mendeley Desktop

@phdthesis{2011,
author = {Оселедец, И. В.},
file = {:C$\backslash$:/Users/sanek/Documents/Mendeley Desktop/Unknown/2011/Оселедец - 2011.pdf:pdf},
language = {russian},
school = {Институт вычислительной математики РАН},
title = {{Вычислительные тензорные методы и их применения}},
year = {2011}
}
