Automatically generated by Mendeley Desktop 1.17.6
Any changes to this file will be lost if it is regenerated by Mendeley.

BibTeX export options can be customized via Options -> BibTeX in Mendeley Desktop

@article{2013,
abstract = {В сообщении представлена краткая характеристика современных когнитивных архитектур и систем управ- ления мобильными роботами. Проводится анализ основных характеристик этих систем, особое внимание уделяется отличиям от когнитивной архитектуры, разрабатываемой авторами.},
author = {Петров, А. В. and Панов, А. И. and Березовский, Р. Г.},
file = {:C$\backslash$:/Users/sanek/Documents/Mendeley Desktop/Вестник РГАТУ имени П.А. Соловьева/2013/Петров, Панов, Березовский - 2013.pdf:pdf;:C$\backslash$:/Users/sanek/Documents/Mendeley Desktop/Вестник РГАТУ имени П.А. Соловьева/2013/Петров, Панов, Березовский - 2013.docx:docx},
journal = {Вестник РГАТУ имени П.А. Соловьева},
keywords = {12-07-00611,elibrary,mypub,vak,автономное целеполагание,искусственный интеллект,когнитивные архитектуры,мобильные роботы,моделирование поведения},
language = {russian},
mendeley-tags = {12-07-00611,elibrary,mypub,vak},
number = {1},
pages = {111--113},
title = {{Когнитивные архитектуры и проекты систем управления автономных мобильных роботов}},
year = {2013}
}
