Automatically generated by Mendeley Desktop 1.17.6
Any changes to this file will be lost if it is regenerated by Mendeley.

BibTeX export options can be customized via Options -> BibTeX in Mendeley Desktop

@inproceedings{2015a,
address = {Москва},
author = {Анохин, К. В.},
booktitle = {4th International Interdisciplinary Conference on “MODERN PROBLEMS IN SYSTEMIC REGULATION OF PHYSIOLOGICAL FUNCTIONS” Сonference proceedings},
doi = {10.12737/12261},
file = {:C$\backslash$:/Users/sanek/Documents/Mendeley Desktop/4th International Interdisciplinary Conference on “MODERN PROBLEMS IN SYSTEMIC REGULATION OF PHYSIOLOGICAL FUNCTIONS” Сonference proceedings/2015/Анохин - 2015.pdf:pdf},
keywords = {гиперсети,когнитом,коннектом,мозг,функциональные системы},
language = {russian},
pages = {3--5},
title = {{Когнитом: сетевое расширение теории функциональных систем}},
year = {2015}
}
