Automatically generated by Mendeley Desktop 1.17.6
Any changes to this file will be lost if it is regenerated by Mendeley.

BibTeX export options can be customized via Options -> BibTeX in Mendeley Desktop

@article{2016a,
author = {Осипов, Г. С. and Панов, А. И.},
file = {:C$\backslash$:/Users/sanek/Documents/Mendeley Desktop/Искусственный интеллект и принятие решений/2017/Осипов, Панов - 2017.pdf:pdf},
journal = {Искусственный интеллект и принятие решений},
number = {1},
pages = {(В печати)},
title = {{Знаковая картина мира. Отношения и операции}},
year = {2017}
}
