Automatically generated by Mendeley Desktop 1.17.6
Any changes to this file will be lost if it is regenerated by Mendeley.

BibTeX export options can be customized via Options -> BibTeX in Mendeley Desktop

@article{Abarbanel1996,
author = {Абарбанель, Г. Д. И. and Рабинович, М. И. and Селверстон, А. and Баженов, М. В. and Хуэрта, Р. and Сущик, М. М. and Рубчинский, Л. Л.},
file = {:C$\backslash$:/Users/sanek/Documents/Mendeley Desktop/Успехи физических наук/1996/Абарбанель et al. - 1996.pdf:pdf},
journal = {Успехи физических наук},
language = {russian},
number = {4},
pages = {363--390},
title = {{Синхрониазция в нейронных ансамблях}},
volume = {166},
year = {1996}
}
