Automatically generated by Mendeley Desktop 1.17.6
Any changes to this file will be lost if it is regenerated by Mendeley.

BibTeX export options can be customized via Options -> BibTeX in Mendeley Desktop

@article{Acedo2015,
author = {Acedo, L. and Lamprianidou, E. and Mora{\~{n}}o, J.-a. and Villanueva-Oller, J. and Villanueva, R.-J.},
doi = {10.1016/j.physa.2015.05.017},
file = {:C$\backslash$:/Users/sanek/Documents/Mendeley Desktop/Physica A Statistical Mechanics and its Applications/2015/Acedo et al. - 2015.pdf:pdf},
issn = {03784371},
journal = {Physica A: Statistical Mechanics and its Applications},
language = {english},
pages = {111--119},
publisher = {Elsevier B.V.},
title = {{Firing patterns in a random network cellular automata model of the brain}},
url = {http://linkinghub.elsevier.com/retrieve/pii/S037843711500432X},
volume = {435},
year = {2015}
}
