Automatically generated by Mendeley Desktop 1.17.6
Any changes to this file will be lost if it is regenerated by Mendeley.

BibTeX export options can be customized via Options -> BibTeX in Mendeley Desktop

@article{Afacan2011,
annote = {english},
author = {Afacan, Yasemin and Demirkan, Halime},
doi = {10.1016/j.knosys.2011.01.002},
file = {:C$\backslash$:/Users/sanek/Documents/Mendeley Desktop/Knowledge-Based Systems/2011/Afacan, Demirkan - 2011.pdf:pdf},
issn = {09507051},
journal = {Knowledge-Based Systems},
keywords = {cognitive design strategy,computer-assisted design tool,conceptual design phase},
language = {english},
number = {4},
pages = {530--541},
publisher = {Elsevier B.V.},
title = {{An ontology-based universal design knowledge support system}},
url = {http://linkinghub.elsevier.com/retrieve/pii/S0950705111000037},
volume = {24},
year = {2011}
}
