Automatically generated by Mendeley Desktop 1.17.6
Any changes to this file will be lost if it is regenerated by Mendeley.

BibTeX export options can be customized via Options -> BibTeX in Mendeley Desktop

@unpublished{Ahmad,
author = {Ahmad, Subutai and Cui, Yuwei},
file = {:C$\backslash$:/Users/sanek/Documents/Mendeley Desktop/Unknown/2015/Ahmad, Cui - 2015.pdf:pdf},
keywords = {htm},
mendeley-tags = {htm},
pages = {1--27},
title = {{Annotated Bibliography for HTM Researchers}},
year = {2015}
}
