Automatically generated by Mendeley Desktop 1.17.6
Any changes to this file will be lost if it is regenerated by Mendeley.

BibTeX export options can be customized via Options -> BibTeX in Mendeley Desktop

@book{Aimone2014,
abstract = {The discovery of new cell types, such as grid and time cells, in the hippocampal formation has been accompanied by major anatomical and theoretical insights in the years. This book provides comprehensive, up-to-date information ...},
author = {Aimone, James B and Deng, Wei and Gage, Fred H},
booktitle = {Space, Time and Memory in the Hippocampal Formation},
doi = {10.1007/978-3-7091-1292-2},
file = {:C$\backslash$:/Users/sanek/Documents/Mendeley Desktop/Space, Time and Memory in the Hippocampal Formation/2014/Aimone, Deng, Gage - 2014.pdf:pdf},
isbn = {978-3-7091-1291-5},
pages = {409--429},
title = {{Space,Time and Memory in the Hippocampal Formation}},
url = {http://link.springer.com/10.1007/978-3-7091-1292-2},
year = {2014}
}
