Automatically generated by Mendeley Desktop 1.17.6
Any changes to this file will be lost if it is regenerated by Mendeley.

BibTeX export options can be customized via Options -> BibTeX in Mendeley Desktop

@article{Albantakis2014,
author = {Albantakis, Larissa and Hintze, Arend and Koch, Christof and Adami, Christoph and Tononi, Giulio},
doi = {10.1371/journal.pcbi.1003966},
file = {:C$\backslash$:/Users/sanek/Documents/Mendeley Desktop/PLoS Computational Biology/2014/Albantakis et al. - 2014.pdf:pdf;:C$\backslash$:/Users/sanek/Documents/Mendeley Desktop/PLoS Computational Biology/2014/Albantakis et al. - 2014.doc:doc},
issn = {1553-7358},
journal = {PLoS Computational Biology},
number = {12},
pages = {e1003966},
title = {{Evolution of Integrated Causal Structures in Animats Exposed to Environments of Increasing Complexity}},
url = {http://dx.plos.org/10.1371/journal.pcbi.1003966},
volume = {10},
year = {2014}
}
