Automatically generated by Mendeley Desktop 1.17.6
Any changes to this file will be lost if it is regenerated by Mendeley.

BibTeX export options can be customized via Options -> BibTeX in Mendeley Desktop

@incollection{Albus2007,
author = {Albus, James and Barbera, Anthony},
booktitle = {Intelligent Vehicle Systems: A 4D/RCS Approach},
isbn = {9781600212604},
pages = {1--30},
publisher = {Nova Science Publishers, Inc.},
title = {{4D/RCS reference model architecture for unmanned ground vehicles}},
url = {http://www.scopus.com/inward/record.url?eid=2-s2.0-84895238575{\&}partnerID=tZOtx3y1},
year = {2007}
}
