Automatically generated by Mendeley Desktop 1.17.6
Any changes to this file will be lost if it is regenerated by Mendeley.

BibTeX export options can be customized via Options -> BibTeX in Mendeley Desktop

@article{Alcala-fdez2010a,
author = {Alcala-fdez, Jesus},
doi = {10.3233/FI-2010-213},
file = {:C$\backslash$:/Users/sanek/Documents/Mendeley Desktop/Knowledge Creation Diffusion Utilization/2010/Alcala-fdez - 2010.pdf:pdf},
journal = {Knowledge Creation Diffusion Utilization},
pages = {1--14},
title = {{Analysis of the Effectiveness of the Genetic Algorithms based on Extraction of Association Rules}},
volume = {98},
year = {2010}
}
