Automatically generated by Mendeley Desktop 1.17.6
Any changes to this file will be lost if it is regenerated by Mendeley.

BibTeX export options can be customized via Options -> BibTeX in Mendeley Desktop

@book{Aleksandrov2008,
address = {Тюмень},
author = {Александров, Ю. И. and Анохин, К. В. and Безденежных, Б. Н. and Гарина, Н. С. and Греченко, Т. Н. and Латанов, А. В. and Палихова, Т. А. and Савельев, С. В. and Соколов, Е. Н. and Тушмалова, Н. А. and Филиппов, В. А. and Черноризов, А. М.},
file = {:C$\backslash$:/Users/sanek/Documents/Mendeley Desktop/Unknown/2008/Александров et al. - 2008.pdf:pdf},
isbn = {9785400000058},
language = {russian},
pages = {548},
publisher = {Издательство Тюменского государственного университета},
title = {{Нейрон. Обработка сигналов. Пластичность. Моделирование: Фундаментальное руководство}},
year = {2008}
}
