Automatically generated by Mendeley Desktop 1.17.6
Any changes to this file will be lost if it is regenerated by Mendeley.

BibTeX export options can be customized via Options -> BibTeX in Mendeley Desktop

@article{Allen1983,
abstract = {-},
author = {Allen, James F.},
doi = {10.1145/182.358434},
file = {:C$\backslash$:/Users/sanek/Documents/Mendeley Desktop/Communications of the ACM/1983/Allen - 1983.pdf:pdf},
isbn = {1558600957},
issn = {00010782},
journal = {Communications of the ACM},
number = {11},
pages = {832--843},
pmid = {18068905},
title = {{Maintaining knowledge about temporal intervals}},
volume = {26},
year = {1983}
}
