Automatically generated by Mendeley Desktop 1.17.6
Any changes to this file will be lost if it is regenerated by Mendeley.

BibTeX export options can be customized via Options -> BibTeX in Mendeley Desktop

@article{Allgaiera,
author = {Albus, James S.},
file = {:C$\backslash$:/Users/sanek/Documents/Mendeley Desktop/International Journal of Machine Consciousness/2010/Albus - 2010.pdf:pdf},
journal = {International Journal of Machine Consciousness},
keywords = {brain,eureqa,fmri,neuroimaging,symbolic regression},
number = {2},
pages = {193--211},
title = {{Reverse Engineering the Brain}},
volume = {2},
year = {2010}
}
