Automatically generated by Mendeley Desktop 1.17.6
Any changes to this file will be lost if it is regenerated by Mendeley.

BibTeX export options can be customized via Options -> BibTeX in Mendeley Desktop

@article{Allsopp2002,
author = {Allsopp, David N and Beautement, Patrick and Bradshaw, Jeffrey M and Durfee, Edmund H and Knoblock, Craig A and Suri, Niranjan and Tate, Austin and Thompson, Craig W},
file = {:C$\backslash$:/Users/sanek/Documents/Mendeley Desktop/IEEE Intelligent Systems/2002/Allsopp et al. - 2002.pdf:pdf},
journal = {IEEE Intelligent Systems},
number = {3},
pages = {26--35},
title = {{Coalition Agents Experiment : Multi-Agent Co-operation in an International Coalition Setting}},
volume = {17},
year = {2002}
}
