Automatically generated by Mendeley Desktop 1.17.6
Any changes to this file will be lost if it is regenerated by Mendeley.

BibTeX export options can be customized via Options -> BibTeX in Mendeley Desktop

@inproceedings{Ananthanarayanan2009,
author = {Ananthanarayanan, Rajagopal and Esser, Steven K and Simon, Horst D and Modha, Dharmendra S},
booktitle = {Proceedings of the Conference on High Performance Computing Networking, Storage and Analysis},
file = {:C$\backslash$:/Users/sanek/Documents/Mendeley Desktop/Proceedings of the Conference on High Performance Computing Networking, Storage and Analysis/2009/Ananthanarayanan et al. - 2009.pdf:pdf},
number = {c},
pages = {1--12},
title = {{The Cat is Out of the Bag : Cortical Simulations with 10 9 Neurons , 10 13 Synapses}},
year = {2009}
}
