Automatically generated by Mendeley Desktop 1.17.6
Any changes to this file will be lost if it is regenerated by Mendeley.

BibTeX export options can be customized via Options -> BibTeX in Mendeley Desktop

@inproceedings{Andrews2009,
author = {Andrews, Simon},
booktitle = {International Conference on Conceptual Structures (ICCS)},
file = {:C$\backslash$:/Users/sanek/Documents/Mendeley Desktop/International Conference on Conceptual Structures (ICCS)/2009/Andrews - 2009.pdf:pdf},
title = {{In-Close , a fast algorithm for computing formal concepts}},
year = {2009}
}
