Automatically generated by Mendeley Desktop 1.17.6
Any changes to this file will be lost if it is regenerated by Mendeley.

BibTeX export options can be customized via Options -> BibTeX in Mendeley Desktop

@article{Aoun2014,
author = {Aoun, Mario Antoine and Boukadoum, Mounir},
doi = {10.1109/ICCI-CC.2014.6921451},
file = {:C$\backslash$:/Users/sanek/Documents/Mendeley Desktop/2014 IEEE 13th International Conference on Cognitive Informatics and Cognitive Computing/2014/Aoun, Boukadoum - 2014.pdf:pdf},
isbn = {978-1-4799-6081-1},
journal = {2014 IEEE 13th International Conference on Cognitive Informatics and Cognitive Computing},
keywords = {chaos control,chaotic spiking neural network,inputs to a pool,liquid,nds neuron,nonlinear transient computation,of,online signature verification,property,sp mentions that different,state machines,stdp},
pages = {126--132},
publisher = {Ieee},
title = {{Learning algorithm and neurocomputing architecture for NDS Neurons}},
url = {http://ieeexplore.ieee.org/lpdocs/epic03/wrapper.htm?arnumber=6921451},
year = {2014}
}
