Automatically generated by Mendeley Desktop 1.17.6
Any changes to this file will be lost if it is regenerated by Mendeley.

BibTeX export options can be customized via Options -> BibTeX in Mendeley Desktop

@inproceedings{Apeldoorn2015,
author = {Apeldoorn, Daan},
booktitle = {Proceedings of the 5th Workshop on Dynamics of Knowledge and Belief (DKB-2015) and the 4th Workshop KI {\&} Kognition (KIK-2015) co-located with 38th German Conference on Artificial Intelligence (KI-2015)},
editor = {Beierle, Christoph and Kern-Isberner, Gabriele and Ragni, Marco and Frieder, Stolzenburg},
file = {:C$\backslash$:/Users/sanek/Documents/Mendeley Desktop/Proceedings of the 5th Workshop on Dynamics of Knowledge and Belief (DKB-2015) and the 4th Workshop KI {\&} Kognition (KIK-2015) co-located wit./2015/Apeldoorn - 2015.pdf:pdf},
keywords = {cooperative problem solving,knowledge extraction,learning,multi-agent simulation,rule},
pages = {5--15},
title = {{Learning Rules for Cooperative Solving of Spatio-Temporal Problems}},
year = {2015}
}
