Automatically generated by Mendeley Desktop 1.17.6
Any changes to this file will be lost if it is regenerated by Mendeley.

BibTeX export options can be customized via Options -> BibTeX in Mendeley Desktop

@book{Artemyeva2007,
address = {М.},
author = {Артемьева, Е. Ю.},
file = {:C$\backslash$:/Users/sanek/Documents/Mendeley Desktop/Unknown/2007/Артемьева - 2007.pdf:pdf},
keywords = {psycho},
language = {russian},
mendeley-tags = {psycho},
pages = {136},
publisher = {Издательство ЛКИ},
title = {{Психология субъективной семантики}},
year = {2007}
}
