Automatically generated by Mendeley Desktop 1.16.3
Any changes to this file will be lost if it is regenerated by Mendeley.

BibTeX export options can be customized via Options -> BibTeX in Mendeley Desktop

@article{Rudakov1987,
author = {Рудаков, К. В.},
file = {:C$\backslash$:/Users/sanek/Documents/Mendeley Desktop/Доклады РАН/1987/Рудаков - 1987.pdf:pdf},
journal = {Доклады РАН},
language = {russian},
number = {1},
pages = {43--46},
title = {{О симметрических и функциональных ограничениях для алгоритмов классификации}},
volume = {297},
year = {1987}
}
@article{Zhuravlev2002a,
author = {Журавлёв, Ю. И.},
file = {:C$\backslash$:/Users/sanek/Documents/Mendeley Desktop/Журнал вычислительной матемематики и математической физики/2002/Журавлёв - 2002.pdf:pdf},
journal = {Журнал вычислительной матемематики и математической физики},
language = {russian},
number = {9},
pages = {1425--1435},
title = {{Об алгоритмах распознавания с представительными наборами (о логических алгоритмах)}},
volume = {42},
year = {2002}
}
@article{Rudakov1986,
author = {Рудаков, К. В.},
file = {:C$\backslash$:/Users/sanek/Documents/Mendeley Desktop/Журнал вычислительной матемематики и математической физики/1986/Рудаков - 1986.pdf:pdf},
journal = {Журнал вычислительной матемематики и математической физики},
language = {russian},
number = {11},
pages = {1719--1730},
title = {{О некоторых универсальных ограничениях для алгоритмов классификации}},
volume = {26},
year = {1986}
}
@unpublished{Vorontcov2011a,
author = {Воронцов, К. В.},
file = {:C$\backslash$:/Users/sanek/Documents/Mendeley Desktop/Unknown/2011/Воронцов - 2011.pdf:pdf},
language = {russian},
pages = {18},
title = {{Проблемно-ориентированные методы алгебраического подхода (конспект лекций)}},
year = {2011}
}
@article{Zhuravlev1976,
author = {Журавлёв, Ю. И.},
file = {:C$\backslash$:/Users/sanek/Documents/Mendeley Desktop/Кибернетика/1976/Журавлёв - 1976.pdf:pdf},
journal = {Кибернетика},
language = {russian},
number = {6},
title = {{Непараметрические задачи рспознавания образов}},
year = {1976}
}
@article{Zhuravlev2002,
author = {Журавлёв, Ю. И.},
file = {:C$\backslash$:/Users/sanek/Documents/Mendeley Desktop/Проблемы кибернетики/1978/Журавлёв - 1978.pdf:pdf},
journal = {Проблемы кибернетики},
language = {russian},
number = {33},
pages = {5--68},
title = {{Об алгебраическом подходе к решению задач распознавания или классификации}},
year = {1978}
}
@article{Vorontcov2004a,
author = {Воронцов, К. В.},
file = {:C$\backslash$:/Users/sanek/Documents/Mendeley Desktop/Доклады РАН/2004/Воронцов - 2004.pdf:pdf},
journal = {Доклады РАН},
language = {russian},
number = {2},
pages = {175--178},
title = {{Комбинаторные оценки качества обучения по прецедентам}},
volume = {394},
year = {2004}
}
@article{Zuravlev1989a,
author = {Журавлёв, Ю. И. and Гуревич, И. Б.},
file = {:C$\backslash$:/Users/sanek/Documents/Mendeley Desktop/Распознавание. Классификация. Прогноз/1989/Журавлёв, Гуревич - 1989.pdf:pdf},
journal = {Распознавание. Классификация. Прогноз},
language = {russian},
number = {2},
pages = {5--72},
title = {{Распознавание образов и распознавание изображений}},
year = {1989}
}
@article{Rudakov1989,
author = {Рудаков, К. В.},
file = {:C$\backslash$:/Users/sanek/Documents/Mendeley Desktop/Распознавание. Классификация. Прогноз/1989/Рудаков - 1989.pdf:pdf},
journal = {Распознавание. Классификация. Прогноз},
language = {russian},
number = {1},
pages = {176--200},
title = {{Об алгебраической теории универсальных и локальных ограничений для задач классификации}},
year = {1989}
}
@article{Rudakov1980,
author = {Рудаков, К. В.},
file = {:C$\backslash$:/Users/sanek/Documents/Mendeley Desktop/Журнал вычислительной матемематики и математической физики/1980/Рудаков - 1980.pdf:pdf},
journal = {Журнал вычислительной матемематики и математической физики},
language = {russian},
number = {3},
pages = {737--744},
title = {{О корректности алгоритмов распознавания типа потенциальных функций}},
volume = {20},
year = {1980}
}
@article{Zhuravlev1989b,
author = {Журавлёв, Ю. И.},
file = {:C$\backslash$:/Users/sanek/Documents/Mendeley Desktop/Распознавание. Классификация. Прогноз/1989/Журавлёв - 1989.pdf:pdf},
journal = {Распознавание. Классификация. Прогноз},
language = {russian},
number = {1},
pages = {9--16},
title = {{Об алгебраических методах распознавания в задачах распознавнаия и классификации}},
year = {1989}
}
@article{Vorontcov2000,
author = {Воронцов, К. В.},
file = {:C$\backslash$:/Users/sanek/Documents/Mendeley Desktop/Журнал вычислительной матемематики и математической физики/2000/Воронцов - 2000.pdf:pdf},
journal = {Журнал вычислительной матемематики и математической физики},
language = {russian},
number = {1},
pages = {166--176},
title = {{Оптимизационные методы линейной и монотонной коррекции в алгебраическом подходе к проблеме распознавания}},
volume = {40},
year = {2000}
}
@article{Rudakov1999,
author = {Рудаков, К. В. and Воронцов, К. В.},
file = {:C$\backslash$:/Users/sanek/Documents/Mendeley Desktop/Доклады РАН/1999/Рудаков, Воронцов - 1999.pdf:pdf},
journal = {Доклады РАН},
language = {russian},
number = {3},
pages = {314--317},
title = {{О методах оптимизации и монотонной коррекции в алгебраическом подходе к проблеме распознавания}},
volume = {367},
year = {1999}
}
@article{Zhuravlev1977,
author = {Журавлёв, Ю. И.},
journal = {Кибернектика},
language = {russian},
number = {4},
pages = {5--17},
title = {{Корректные алгебры над множеством некорректных (эвристических) алгоритмов. Часть I}},
year = {1977}
}
@article{Vorontcov1998,
author = {Воронцов, К. В.},
file = {:C$\backslash$:/Users/sanek/Documents/Mendeley Desktop/Журнал вычислительной матемематики и математической физики/1998/Воронцов - 1998.pdf:pdf},
journal = {Журнал вычислительной матемематики и математической физики},
language = {russian},
number = {5},
pages = {870--880},
title = {{О проблемно-ориентированной оптимизации базисов задач распознавания}},
volume = {38},
year = {1998}
}
@incollection{Zhuravlev1987,
address = {М.},
author = {Журавлёв, Ю. И. and Рудаков, К. В.},
booktitle = {Проблемы прикладной математики и информатики},
file = {:C$\backslash$:/Users/sanek/Documents/Mendeley Desktop/Проблемы прикладной математики и информатики/1987/Журавлёв, Рудаков - 1987.pdf:pdf},
language = {russian},
pages = {187--198},
publisher = {Наука},
title = {{Об алгебраической коррекции процедур обработки (преобразования) информации}},
year = {1987}
}
