Automatically generated by Mendeley Desktop 1.16.3
Any changes to this file will be lost if it is regenerated by Mendeley.

BibTeX export options can be customized via Options -> BibTeX in Mendeley Desktop

@inproceedings{Baader2010,
author = {Baader, Franz and Liu, Hongkai and Mehdi, Anees},
booktitle = {ECAI 2010: 19th European Conference on Artificial Intelligence, 16-20 August 2010, Lisbon, Portugal : Including Prestigious Applications of Artificial Intelligence (PAIS-2010) : Proceedings},
doi = {10.3233/978-1-60750-606-5-53},
file = {:C$\backslash$:/Users/sanek/Documents/Mendeley Desktop/ECAI 2010 19th European Conference on Artificial Intelligence, 16-20 August 2010, Lisbon, Portugal Including Prestigious Applications of Ar./2010/Baader, Liu, Mehdi - 2010.pdf:pdf},
isbn = {9781607506065},
pages = {53--58},
title = {{Verifying Properties of Infinite Sequences of Description Logic Actions}},
year = {2010}
}
@book{Zadeh2012,
author = {Zadeh, Lotfi A.},
doi = {10.1007/978-3-642-27473-2},
publisher = {Springer Berlin Heidelberg},
series = {Studies in Fuzziness and Soft Computing},
title = {{Computing with Words}},
url = {http://link.springer.com/book/10.1007{\%}2F978-3-642-27473-2},
year = {2012}
}
@inproceedings{Heymans2010,
author = {Heymans, Stijn and Eiter, Thomas and Xiao, Guohui},
booktitle = {ECAI 2010: 19th European Conference on Artificial Intelligence, 16-20 August 2010, Lisbon, Portugal : Including Prestigious Applications of Artificial Intelligence (PAIS-2010) : Proceedings},
doi = {10.3233/978-1-60750-606-5-35},
file = {:C$\backslash$:/Users/sanek/Documents/Mendeley Desktop/ECAI 2010 19th European Conference on Artificial Intelligence, 16-20 August 2010, Lisbon, Portugal Including Prestigious Applications of Ar./2010/Heymans, Eiter, Xiao - 2010.pdf:pdf},
isbn = {9781607506065},
pages = {35--40},
title = {{Tractable Reasoning with DL-Programs over Datalog -rewritable Description Logics}},
year = {2010}
}
@book{Vagin1988,
address = {М.},
author = {Вагин, В. Н.},
file = {:C$\backslash$:/Users/sanek/Documents/Mendeley Desktop/Unknown/1988/Вагин - 1988.pdf:pdf},
language = {russian},
pages = {384},
publisher = {Наука},
title = {{Дедукция и обобщения в системах принятия решений}},
year = {1988}
}
@book{Gusserl2001,
address = {М.},
author = {Гуссерль, Эдмунд},
file = {:C$\backslash$:/Users/sanek/Documents/Mendeley Desktop/Unknown/2001/Гуссерль - 2001.pdf:pdf},
keywords = {semiotics},
language = {russian},
mendeley-tags = {semiotics},
pages = {470},
publisher = {Гнозис, Дом интеллектуальной книги},
title = {{Собрание сочинений. Т. 3 (1). Логические исследования}},
translator = {Молчанов, В. И.},
volume = {II (1)},
year = {2001}
}
@article{Nardi2003,
abstract = {This introduction presents the main motivations for the development of Description Logics (DL) as a formalism for representing knowledge, as well as some important basic notions underlying all systems that have been created in the DL tradition. In addition, we provide the reader with an overview of the entire book and some guidelines for reading it. We first address the relationship between Description Logics and earlier seman- tic network and frame systems, which represent the original heritage of the field. We delve into some of the key problems encountered with the older efforts. Subse- quently, we introduce the basic features of Description Logic languages and related reasoning techniques. Description Logic languages are then viewed as the core of knowledge represen- tation systems, considering both the structure of a DL knowledge base and its associated reasoning services. The development of some implemented knowledge representation systems based on Description Logics and the first applications built with such systems are then reviewed. Finally, we address the relationship of Description Logics to other fields of Com- puter Science. We also discuss some extensions of the basic representation language machinery; these include features proposed for incorporation in the formalism that originally arose in implemented systems, and features proposed to cope with the needs of certain application domains.},
author = {Nardi, Daniele and Brachman, Ronald J.},
doi = {10.2277/0521781760},
file = {:C$\backslash$:/Users/sanek/Documents/Mendeley Desktop/The description logic handbook Theory, implementation and applications/2003/Nardi, Brachman - 2003.pdf:pdf},
isbn = {0521781760},
journal = {The description logic handbook: Theory, implementation and applications},
pages = {5--41},
title = {{An Introduction to Description Logics}},
year = {2003}
}
@book{Pierce2000b,
address = {СПб.},
author = {Пирс, Ч. С.},
file = {:C$\backslash$:/Users/sanek/Documents/Mendeley Desktop/Unknown/2000/Пирс - 2000(2).pdf:pdf},
isbn = {5893292782},
keywords = {semiotics},
language = {russian},
mendeley-tags = {semiotics},
pages = {352},
publisher = {Алетейя},
title = {{Начала прагматизма}},
translator = {Кирющенко, В. В. and Колопотина, М. В.},
volume = {II},
year = {2000}
}
@incollection{Birukov1960,
address = {М.},
author = {Бирюков, Б. В.},
booktitle = {Применение логики в науке и технике},
file = {:C$\backslash$:/Users/sanek/Documents/Mendeley Desktop/Применение логики в науке и технике/1960/Бирюков - 1960.pdf:pdf},
keywords = {semiotics},
language = {russian},
mendeley-tags = {semiotics},
pages = {502--555},
publisher = {Издательство АН СССР},
title = {{Теория смысла Готлоба Фреге}},
year = {1960}
}
@article{Borgida1996,
abstract = {It is natural to view concept and role definitions in description logics as expressing monadic and dyadic predicates in predicate calculus. We show that the descriptions built using the constructors usually considered in the DL literature are characterized exactly as the predicates definable by formulas in $\backslash$̈tL3, the subset of first-order predicate calculus with monadic and dyadic predicates which allows only three variable symbols. In order to handle “number bounds”, we allow numeric quantifiers, and for transitive closure of roles we use infinitary disjunction. Using previous results in the literature concerning languages with limited numbers of variables, we get as corollaries the existence of formulas of FOPC which cannot be expressed as descriptions. We also show that by omitting role composition, descriptions express exactly the formulas in $\backslash$̈tL2, which is known to be decidable.},
author = {Borgida, Alex},
doi = {10.1016/0004-3702(96)00004-5},
file = {:C$\backslash$:/Users/sanek/Documents/Mendeley Desktop/Artificial Intelligence/1996/Borgida - 1996.pdf:pdf},
isbn = {0004-3702},
issn = {00043702},
journal = {Artificial Intelligence},
number = {1-2},
pages = {353--367},
title = {{On the relative expressiveness of description logics and predicate logics}},
volume = {82},
year = {1996}
}
@book{Baader2003,
address = {Cambridge},
editor = {Baader, Franz and Calvanese, Diego and McGuinness, Deborah L. and Nardi, Daniele and Patel-Schneider, Peter F.},
file = {:C$\backslash$:/Users/sanek/Documents/Mendeley Desktop/Unknown/2003/Unknown - 2003.pdf:pdf},
isbn = {9780521781763},
pages = {573},
publisher = {Cambridge University Press},
title = {{The Description Logic Handbook}},
year = {2003}
}
@incollection{Zaitceva2002,
address = {СПб.},
author = {Зайцева, Н. В.},
booktitle = {Я. (А. Слинин) и МЫ},
file = {:C$\backslash$:/Users/sanek/Documents/Mendeley Desktop/Я. (А. Слинин) и МЫ/2002/Зайцева - 2002.pdf:pdf},
keywords = {semiotics},
language = {russian},
mendeley-tags = {semiotics},
pages = {179--193},
publisher = {Санкт-Петербургское философское общество},
series = {Мыслители},
title = {{Когнитивные основания семантической теории Э. Гуссерля (на материале ``Логических исследований'')}},
year = {2002}
}
@article{Shushakova2002,
archivePrefix = {arXiv},
arxivId = {arXiv:math-ph/0205005},
author = {Шушакова, Анна Геннадьевна},
eprint = {0205005},
file = {:C$\backslash$:/Users/sanek/Documents/Mendeley Desktop/Программные продукты и системы/2002/Шушакова - 2002.pdf:pdf},
isbn = {13414496},
issn = {13420909},
journal = {Программные продукты и системы},
language = {russian},
number = {3},
pages = {14--19},
primaryClass = {arXiv:math-ph},
title = {{Решение задач представления и обработки знаний средствами дескриптивной логики}},
url = {http://ci.nii.ac.jp/naid/110004560434/},
year = {2002}
}
@book{Pierce2000a,
address = {СПб.},
author = {Пирс, Ч. С.},
file = {:C$\backslash$:/Users/sanek/Documents/Mendeley Desktop/Unknown/2000/Пирс - 2000.pdf:pdf},
isbn = {5893292596},
keywords = {semiotics},
language = {russian},
mendeley-tags = {semiotics},
pages = {318},
publisher = {Алетейя},
title = {{Начала прагматизма}},
translator = {Кирющенко, В. В. and Колопотина, М. В.},
volume = {I},
year = {2000}
}
@book{Frege2000,
address = {М.},
author = {Фреге, Готтлоб},
editor = {Кузичева, З. А.},
file = {:C$\backslash$:/Users/sanek/Documents/Mendeley Desktop/Unknown/2000/Фреге - 2000.pdf:pdf},
keywords = {semiotics},
language = {russian},
mendeley-tags = {semiotics},
pages = {512},
publisher = {Аспект Пресс},
title = {{Логика и логическая семантика: Сборник трудов}},
translator = {Бирюков, Б. В.},
year = {2000}
}
