Automatically generated by Mendeley Desktop 1.17.6
Any changes to this file will be lost if it is regenerated by Mendeley.

BibTeX export options can be customized via Options -> BibTeX in Mendeley Desktop

@book{1987,
address = {М.},
editor = {Стефанюк, В. Л.},
file = {:C$\backslash$:/Users/sanek/Documents/Mendeley Desktop/Unknown/1987/Unknown - 1987.djvu:djvu},
language = {russian},
pages = {247},
publisher = {Мир},
title = {{Реальность и прогнозы искусственного интеллекта: сборник статей}},
year = {1987}
}
@inproceedings{Potapov2003,
author = {Потапов, А. А.},
booktitle = {Сб. тр. третьего расширенного семинара "Использование методов искусственного интеллекта и высокопроизводительных вычислений в аэрокосмических исследованиях" (Переславль - Залесский, 26 - 27 ноября 2003 г., ИПС РАН)},
file = {:C$\backslash$:/Users/sanek/Documents/Mendeley Desktop/Сб. тр. третьего расширенного семинара Использование методов искусственного интеллекта и высокопроизводительных вычислений в аэро., ИПС РАН)/2003/Потапов - 2003.pdf:pdf},
language = {russian},
pages = {76--90},
title = {{Фракталы в задачах искусственного интеллекта: подходы, модели, некоторые результаты}},
year = {2003}
}
@article{Vikhorev2009,
abstract = {We present a new approach to providing soft real- time guarantees for Belief-Desire-Intention (BDI) agents. We define what it means for BDI agents to operate in real time, or to satisfy real-time guarantees. We then develop a model of real-time performance which takes into account the time by which a task should be performed and the relative priority of tasks, and identify the key stages in a BDI architecture which must be bounded for real-time performance. As an illustration of our approach we introduce a new BDI architecture, ARTS, which allows the development of agents that guarantee (soft) real-time performance. ARTS extends ideas from PRS and JAM to include goals and plans which have deadlines and priorities, and schedules intentions so as to achieve the largest number of high priority intentions by their deadlines.},
author = {Vikhorev, Konstantin and Alechina, Natasha and Logan, Brian},
doi = {10.1007/978-3-642-13338-1_1},
file = {:C$\backslash$:/Users/sanek/Documents/Mendeley Desktop/CEUR Workshop Proceedings/2009/Vikhorev, Alechina, Logan - 2009.pdf:pdf},
isbn = {3642133371},
issn = {16130073},
journal = {CEUR Workshop Proceedings},
keywords = {Arts,Bdi agents,Deadline,Priority,Real-time guarantees,Task scheduling},
pages = {286--292},
title = {{The ARTS Real-Time Agent Architecture}},
volume = {494},
year = {2009}
}
@book{GaazeRappoport1987,
address = {М.},
author = {Гаазе-Рапопорт, М. Г. and Поспелов, Д. А.},
file = {:C$\backslash$:/Users/sanek/Documents/Mendeley Desktop/Unknown/1987/Гаазе-Рапопорт, Поспелов - 1987.pdf:pdf},
language = {russian},
pages = {288},
publisher = {Наука},
title = {{От амебы до робота. Модели поведения.}},
year = {1987}
}
@book{Stefanuk2004,
address = {М.},
author = {Стефанюк, В. Л.},
file = {:C$\backslash$:/Users/sanek/Documents/Mendeley Desktop/Unknown/2004/Стефанюк - 2004.pdf:pdf},
language = {russian},
pages = {328},
publisher = {ФИЗМАТЛИТ},
title = {{Локальная организация интеллектуальных систем}},
year = {2004}
}
@book{Nilsson1998,
address = {San Francisco},
author = {Nilsson, N. J.},
pages = {513},
publisher = {Morgan Kaufmann},
title = {{Artificial Intelligence: A New Synthesis}},
year = {1998}
}
@book{Osipov2009b,
address = {М.},
author = {Осипов, Г. С.},
file = {:C$\backslash$:/Users/sanek/Documents/Mendeley Desktop/Unknown/2009/Осипов - 2009.pdf:pdf},
keywords = {osipov},
language = {russian},
mendeley-tags = {osipov},
pages = {266},
publisher = {УРСС},
title = {{Лекции по искусственному интеллекту}},
year = {2009}
}
@book{Pospelov1989,
address = {М.},
author = {Поспелов, Д. А.},
file = {:C$\backslash$:/Users/sanek/Documents/Mendeley Desktop/Unknown/1989/Поспелов - 1989.pdf:pdf},
language = {russian},
pages = {184},
publisher = {Радио и связь},
title = {{Моделирование рассуждений. Опыт анализа мыслительных актов}},
year = {1989}
}
@techreport{Grosz2016,
author = {Grosz, Barbara J and Altman, Russ and Horvitz, Eric and Mackworth, Alan and Mitchell, Tom and Mulligan, Deirdre and Shoham, Yoav},
file = {:C$\backslash$:/Users/sanek/Documents/Mendeley Desktop/Unknown/2016/Grosz et al. - 2016.pdf:pdf},
institution = {Stanford University},
pages = {52},
title = {{Artificial intelligence and life in 2030: One hundred year study on artificial intelligence}},
year = {2016}
}
@article{Tarasov1998,
author = {Тарасов, В. Б.},
file = {:C$\backslash$:/Users/sanek/Documents/Mendeley Desktop/Новости искусственного интеллекта/1998/Тарасов - 1998.pdf:pdf},
journal = {Новости искусственного интеллекта},
language = {russian},
number = {3},
pages = {86--100},
title = {{Моделирование психических образов : как совместить дискретное и непрерывное ?}},
year = {1998}
}
@book{Murphy2000,
address = {Massachusetts},
author = {Murphy, Robin R.},
file = {:C$\backslash$:/Users/sanek/Documents/Mendeley Desktop/Unknown/2000/Murphy - 2000.pdf:pdf},
isbn = {0262133830},
pages = {487},
publisher = {MIT Press},
title = {{Introduction in AI Robotics}},
year = {2000}
}
