Automatically generated by Mendeley Desktop 1.17.6
Any changes to this file will be lost if it is regenerated by Mendeley.

BibTeX export options can be customized via Options -> BibTeX in Mendeley Desktop

@book{Asmolov1990,
address = {М.},
author = {Асмолов, А. Г.},
language = {russian},
pages = {267},
publisher = {Изд-во МГУ},
title = {{Психология личности: Учебник}},
year = {1990}
}
