Automatically generated by Mendeley Desktop 1.17.6
Any changes to this file will be lost if it is regenerated by Mendeley.

BibTeX export options can be customized via Options -> BibTeX in Mendeley Desktop

@article{AswaniKumar2015,
author = {{Aswani Kumar}, Ch. and Ishwarya, M.S. and Loo, Chu Kiong},
doi = {10.1016/j.bica.2015.04.003},
file = {:C$\backslash$:/Users/sanek/Documents/Mendeley Desktop/Biologically Inspired Cognitive Architectures/2015/Aswani Kumar, Ishwarya, Loo - 2015.pdf:pdf},
issn = {2212683X},
journal = {Biologically Inspired Cognitive Architectures},
keywords = {associative memories},
publisher = {Elsevier B.V.},
title = {{Formal concept analysis approach to cognitive functionalities of bidirectional associative memory}},
url = {http://linkinghub.elsevier.com/retrieve/pii/S2212683X15000122},
year = {2015}
}
