Automatically generated by Mendeley Desktop 1.17.6
Any changes to this file will be lost if it is regenerated by Mendeley.

BibTeX export options can be customized via Options -> BibTeX in Mendeley Desktop

@book{Baader2003,
address = {Cambridge},
editor = {Baader, Franz and Calvanese, Diego and McGuinness, Deborah L. and Nardi, Daniele and Patel-Schneider, Peter F.},
file = {:C$\backslash$:/Users/sanek/Documents/Mendeley Desktop/Unknown/2003/Unknown - 2003.pdf:pdf},
isbn = {9780521781763},
pages = {573},
publisher = {Cambridge University Press},
title = {{The Description Logic Handbook}},
year = {2003}
}
