Automatically generated by Mendeley Desktop 1.17.6
Any changes to this file will be lost if it is regenerated by Mendeley.

BibTeX export options can be customized via Options -> BibTeX in Mendeley Desktop

@inproceedings{Baader2010,
author = {Baader, Franz and Liu, Hongkai and Mehdi, Anees},
booktitle = {ECAI 2010: 19th European Conference on Artificial Intelligence, 16-20 August 2010, Lisbon, Portugal : Including Prestigious Applications of Artificial Intelligence (PAIS-2010) : Proceedings},
doi = {10.3233/978-1-60750-606-5-53},
file = {:C$\backslash$:/Users/sanek/Documents/Mendeley Desktop/ECAI 2010 19th European Conference on Artificial Intelligence, 16-20 August 2010, Lisbon, Portugal Including Prestigious Applications of Ar./2010/Baader, Liu, Mehdi - 2010.pdf:pdf},
isbn = {9781607506065},
pages = {53--58},
title = {{Verifying Properties of Infinite Sequences of Description Logic Actions}},
year = {2010}
}
