Automatically generated by Mendeley Desktop 1.17.6
Any changes to this file will be lost if it is regenerated by Mendeley.

BibTeX export options can be customized via Options -> BibTeX in Mendeley Desktop

@book{Baars2014,
address = {М.},
editor = {Баарса, Б. and Гейдж, Н.},
file = {:C$\backslash$:/Users/sanek/Documents/Mendeley Desktop/Unknown/2014/Unknown - 2014(2).pdf:pdf},
isbn = {9785996323524},
language = {russian},
publisher = {БИНОМ. Лаборатория знаний},
title = {{Мозг, познание, разум: введение в когнитивные нейронауки: в 2 ч.}},
year = {2014}
}
