Automatically generated by Mendeley Desktop 1.17.6
Any changes to this file will be lost if it is regenerated by Mendeley.

BibTeX export options can be customized via Options -> BibTeX in Mendeley Desktop

@article{Baars2005a,
author = {Baars, Bernard J.},
journal = {Progress in Brain Research},
pages = {45--53},
title = {{Global workspace theory of consciousness: toward a cognitive neuroscience of human experience}},
volume = {150},
year = {2005}
}
