Automatically generated by Mendeley Desktop 1.17.6
Any changes to this file will be lost if it is regenerated by Mendeley.

BibTeX export options can be customized via Options -> BibTeX in Mendeley Desktop

@book{Baars1988,
address = {New York},
author = {Baars, Bernard J.},
publisher = {Cambridge University Press},
title = {{A cognitive theory of consciousness}},
year = {1988}
}
