Automatically generated by Mendeley Desktop 1.17.6
Any changes to this file will be lost if it is regenerated by Mendeley.

BibTeX export options can be customized via Options -> BibTeX in Mendeley Desktop

@article{Balaguer2016,
author = {Balaguer, Jan and Spiers, Hugo and Hassabis, Demis and Summerfield, Christopher},
doi = {10.1016/j.neuron.2016.03.037},
file = {:C$\backslash$:/Users/sanek/Documents/Mendeley Desktop/Neuron/2016/Balaguer et al. - 2016.pdf:pdf},
issn = {08966273},
journal = {Neuron},
number = {4},
pages = {893--903},
pmid = {27196978},
publisher = {The Authors},
title = {{Neural Mechanisms of Hierarchical Planning in a Virtual Subway Network}},
url = {http://linkinghub.elsevier.com/retrieve/pii/S0896627316300575},
volume = {90},
year = {2016}
}
