Automatically generated by Mendeley Desktop 1.17.6
Any changes to this file will be lost if it is regenerated by Mendeley.

BibTeX export options can be customized via Options -> BibTeX in Mendeley Desktop

@book{Barber2012,
author = {Barber, David},
file = {:C$\backslash$:/Users/sanek/Documents/Mendeley Desktop/Unknown/2012/Barber - 2012.pdf:pdf},
isbn = {9780521518147},
pages = {735},
publisher = {Cambridge University Press},
title = {{Bayesian Reasoning and Machine Learning}},
url = {http://web4.cs.ucl.ac.uk/staff/D.Barber/textbook/181115.pdf},
year = {2012}
}
