Automatically generated by Mendeley Desktop 1.17.6
Any changes to this file will be lost if it is regenerated by Mendeley.

BibTeX export options can be customized via Options -> BibTeX in Mendeley Desktop

@article{Barrera2014,
author = {Barrera, Alejandra and Tejera, Gonzalo and Llofriu, Martin and Weitzenfeld, Alfredo},
doi = {10.1080/13875868.2014.961602},
file = {:C$\backslash$:/Users/sanek/Documents/Mendeley Desktop/Spatial Cognition {\&} Computation/2014/Barrera et al. - 2014.pdf:pdf},
issn = {1387-5868},
journal = {Spatial Cognition {\&} Computation},
number = {1},
pages = {27--59},
title = {{Learning Spatial Localization: From Rat Studies to Computational Models of the Hippocampus}},
url = {http://www.tandfonline.com/doi/abs/10.1080/13875868.2014.961602},
volume = {15},
year = {2014}
}
