Automatically generated by Mendeley Desktop 1.17.6
Any changes to this file will be lost if it is regenerated by Mendeley.

BibTeX export options can be customized via Options -> BibTeX in Mendeley Desktop

@book{Barut1980b,
address = {М.},
author = {Барут, А. and Рончак, Р.},
file = {:C$\backslash$:/Users/sanek/Documents/Mendeley Desktop/Unknown/1980/Барут, Рончак - 1980(2).pdf:pdf},
language = {russian},
pages = {452},
publisher = {Мир},
title = {{Теори представления групп и её приложения. Том 1}},
year = {1980}
}
