Automatically generated by Mendeley Desktop 1.17.6
Any changes to this file will be lost if it is regenerated by Mendeley.

BibTeX export options can be customized via Options -> BibTeX in Mendeley Desktop

@article{Beckes2015,
author = {Beckes, Lane and IJzerman, Hans and Tops, Mattie},
doi = {10.3389/fnhum.2015.00266},
file = {:C$\backslash$:/Users/sanek/Documents/Mendeley Desktop/Frontiers in Human Neuroscience/2015/Beckes, IJzerman, Tops - 2015.pdf:pdf},
issn = {1662-5161},
journal = {Frontiers in Human Neuroscience},
keywords = {and close relationships,attachment,attachment, embodied cognition, interpersonal rela,ecological psychology,embodied cognition,interpersonal rela,interpersonal relationships,neurobiology,neuroscience of attachment,oxytocin,thermoregulation,toward a radically embodied},
pages = {1--18},
title = {{Toward a radically embodied neuroscience of attachment and relationships}},
url = {http://journal.frontiersin.org/article/10.3389/fnhum.2015.00266},
volume = {9},
year = {2015}
}
