Automatically generated by Mendeley Desktop 1.17.6
Any changes to this file will be lost if it is regenerated by Mendeley.

BibTeX export options can be customized via Options -> BibTeX in Mendeley Desktop

@article{Bergmann1996,
author = {Bergmann, Ralph and Wilke, Wolfgang},
file = {:C$\backslash$:/Users/sanek/Documents/Mendeley Desktop/Proceedings of the Workshop on Adaptation in Case-Based Reasoning, ECAI'96/1996/Bergmann, Wilke - 1996.pdf:pdf},
journal = {Proceedings of the Workshop on Adaptation in Case-Based Reasoning, ECAI'96},
keywords = {plan},
mendeley-tags = {plan},
title = {{PARIS: Flexible Plan Adaptation by Abstraction and Re nement}},
year = {1996}
}
