Automatically generated by Mendeley Desktop 1.17.6
Any changes to this file will be lost if it is regenerated by Mendeley.

BibTeX export options can be customized via Options -> BibTeX in Mendeley Desktop

@article{Bergtholdt2010,
author = {Bergtholdt, Martin and Kapes, Jorgen and Schmidt, Stefan and Schnorr, Christoph},
file = {:C$\backslash$:/Users/sanek/Documents/Mendeley Desktop/International Journal of Computer Vision/2010/Bergtholdt et al. - 2010.pdf:pdf},
journal = {International Journal of Computer Vision},
keywords = {2d,3d pose,classifica-,conditional random fields,gle view,graphical models,inference,learning,multi-class,multiple view,object class recognition,object detection,optimization,sin-,tion},
number = {1-2},
pages = {93--117},
title = {{A Study of Parts-Based Object Class Detection Using Complete Graphs}},
volume = {87},
year = {2010}
}
