Automatically generated by Mendeley Desktop 1.17.6
Any changes to this file will be lost if it is regenerated by Mendeley.

BibTeX export options can be customized via Options -> BibTeX in Mendeley Desktop

@incollection{Birukov1960,
address = {М.},
author = {Бирюков, Б. В.},
booktitle = {Применение логики в науке и технике},
file = {:C$\backslash$:/Users/sanek/Documents/Mendeley Desktop/Применение логики в науке и технике/1960/Бирюков - 1960.pdf:pdf},
keywords = {semiotics},
language = {russian},
mendeley-tags = {semiotics},
pages = {502--555},
publisher = {Издательство АН СССР},
title = {{Теория смысла Готлоба Фреге}},
year = {1960}
}
