Automatically generated by Mendeley Desktop 1.17.6
Any changes to this file will be lost if it is regenerated by Mendeley.

BibTeX export options can be customized via Options -> BibTeX in Mendeley Desktop

@article{Bogdanov2012,
author = {Богданов, Ю. И. and Кокин, А. А. and Лукичев, В. Ф. and Орликовский, А. А. and Семенихин, И. А. and Чернявский, А. Ю. and Аннотация.},
file = {:C$\backslash$:/Users/sanek/Documents/Mendeley Desktop/Информационные технологии и вычислительные системы/2012/Богданов et al. - 2012.pdf:pdf},
journal = {Информационные технологии и вычислительные системы},
keywords = {physics,quant{\_}comp},
language = {russian},
mendeley-tags = {physics,quant{\_}comp},
number = {1},
pages = {17--31},
title = {{Квантовая механика и развитие информационных технологий}},
year = {2012}
}
