Automatically generated by Mendeley Desktop 1.17.6
Any changes to this file will be lost if it is regenerated by Mendeley.

BibTeX export options can be customized via Options -> BibTeX in Mendeley Desktop

@article{Boiko2015,
abstract = {Ускоряющееся увеличение количества публикаций приводит к практической невозможности проведения ручных полных обзоров результатов исследований в различных областях науки. Также в некоторых областях исследований достаточно сложно выявлять закономерности без привлечения специальных методов обработки данных. Лечение рака с помощью дендритноклеточных вакцин является к одним из таких направлений исследований. В настоящей работе представлена система полуавтоматического извлечения и анализа информации из научных публикаций. Представлены экспериментальные результаты разработанных и примененных методов по разделению, классификации пациентов и извлечению причинно-следственных связей для задачи установления успешности лечения пациентов различными типами дендритноклеточных вакцин.},
author = {Бойко, А. А. and Кайдина, А. М. and Ким, Я. С. and Лупатов, А. Ю. and Панов, А. И. and Суворов, Р. Е. and Швец, А. В.},
file = {:C$\backslash$:/Users/sanek/Documents/Mendeley Desktop/Труды Института Системного Анализа РАН/2015/Бойко et al. - 2015.doc:doc;:C$\backslash$:/Users/sanek/Documents/Mendeley Desktop/Труды Института Системного Анализа РАН/2015/Бойко et al. - 2015.pdf:pdf},
journal = {Труды Института Системного Анализа РАН},
keywords = {13-07-12127,15-59-31516,AQ-метод,elibrary,mypub,vak,ДСМ-метод,анализ естественного языка,анализ текста,генетические алгоритмы,дендритные клетки,клеточная терапия,машинное обучение,причинно-следственные связи,противораковая вакцина},
language = {russian},
mendeley-tags = {13-07-12127,15-59-31516,elibrary,mypub,vak},
number = {4},
pages = {54--63},
title = {{Система анализа данных из научных источников на примере текстов по дендритноклеточным вакцинам}},
volume = {65},
year = {2015}
}
