Automatically generated by Mendeley Desktop 1.17.6
Any changes to this file will be lost if it is regenerated by Mendeley.

BibTeX export options can be customized via Options -> BibTeX in Mendeley Desktop

@article{Bolotova2011,
author = {Болотова, Ю. А. and Спицын, В. Г. and Фомин, А. Э.},
file = {:C$\backslash$:/Users/sanek/Documents/Mendeley Desktop/Известия Томского политехнического университета/2011/Болотова, Спицын, Фомин - 2011.pdf:pdf},
journal = {Известия Томского политехнического университета},
keywords = {evolutionary algorithm,hierarchical temporal memory model,htm,in vision,pattern recognition,time and hierarchical components,в пространстве,задачи распознавания образов,понимания речи и ориентации,чтения текстов,яв},
language = {russian},
mendeley-tags = {htm},
number = {5},
pages = {60--63},
title = {{Применение модели иерархической временной памяти в распознавании изображений}},
volume = {318},
year = {2011}
}
