Automatically generated by Mendeley Desktop 1.17.6
Any changes to this file will be lost if it is regenerated by Mendeley.

BibTeX export options can be customized via Options -> BibTeX in Mendeley Desktop

@article{Bolotnikova,
author = {Гаврилова, Т. А. and Горовой, В. А. and Болотникова, Е. С.},
file = {:C$\backslash$:/Users/sanek/Documents/Mendeley Desktop/Искусственный интеллект и принятие решений/2009/Гаврилова, Горовой, Болотникова - 2009.pdf:pdf},
journal = {Искусственный интеллект и принятие решений},
keywords = {cognitive ergonomics,ontology evaluation},
language = {russian},
number = {3},
pages = {33--41},
title = {{Оценка когнитивной эргономичности онтологии на основе анализа графа}},
year = {2009}
}
