Automatically generated by Mendeley Desktop 1.17.6
Any changes to this file will be lost if it is regenerated by Mendeley.

BibTeX export options can be customized via Options -> BibTeX in Mendeley Desktop

@phdthesis{Bolotova2013,
author = {Болотова, Ю. А.},
file = {:C$\backslash$:/Users/sanek/Documents/Mendeley Desktop/Unknown/2013/Болотова - 2013.pdf:pdf},
keywords = {htm},
language = {russian},
mendeley-tags = {htm},
pages = {24},
school = {Томский Государственный университет},
title = {{Алгоритмы обработки и анализа изображений иерархической временной сетью}},
year = {2013}
}
