Automatically generated by Mendeley Desktop 1.17.6
Any changes to this file will be lost if it is regenerated by Mendeley.

BibTeX export options can be customized via Options -> BibTeX in Mendeley Desktop

@article{Bonarini2001,
author = {Bonarini, Andrea and Trianni, Vito},
doi = {10.1016/S0020-0255(01)00149-9},
file = {:C$\backslash$:/Users/sanek/Documents/Mendeley Desktop/Information Sciences/2001/Bonarini, Trianni - 2001.pdf:pdf},
isbn = {0020-0255},
issn = {00200255},
journal = {Information Sciences},
keywords = {autonomous agents,er systems,learning fuzzy classi,multi-agent,rein-},
number = {1-4},
pages = {215--239},
title = {{Learning fuzzy classifier systems for multi-agent coordination}},
volume = {136},
year = {2001}
}
