Automatically generated by Mendeley Desktop 1.17.6
Any changes to this file will be lost if it is regenerated by Mendeley.

BibTeX export options can be customized via Options -> BibTeX in Mendeley Desktop

@incollection{Borges2015,
author = {Borges, Andr{\'{e}} P. and Dordal, Osmar B. and Ribeiro, Richardson and {\'{A}}vila, Br{\'{a}}ulio C. and Scalabrin, Edson E.},
booktitle = {Enterprise Information Systems},
doi = {10.1007/978-3-319-29133-8_10},
editor = {Hammoudi, Slimane and Maciaszek, Leszek and Teniente, Ernest and Camp, Olivier and Cordeiro, Jos{\'{e}}},
file = {:C$\backslash$:/Users/sanek/Documents/Mendeley Desktop/Enterprise Information Systems/2015/Borges et al. - 2015.pdf:pdf},
isbn = {9783319291321},
issn = {18651348},
pages = {192--213},
publisher = {Springer International Publishing},
series = {Lecture Notes in Business Information Processing},
title = {{Generation of Economical Driving Plans Using Continuous Case-Based Planning}},
url = {http://link.springer.com/10.1007/978-3-319-29133-8{\_}10},
year = {2015}
}
