Automatically generated by Mendeley Desktop 1.17.6
Any changes to this file will be lost if it is regenerated by Mendeley.

BibTeX export options can be customized via Options -> BibTeX in Mendeley Desktop

@article{Borisuk2002,
author = {Борисюк, Г. Н. and Борисюк, Р. М. and Казанович, Я. Б. and Иваницкий, Г. Р.},
file = {:C$\backslash$:/Users/sanek/Documents/Mendeley Desktop/Успехи физических наук/2002/Борисюк et al. - 2002.pdf:pdf},
journal = {Успехи физических наук},
language = {russian},
number = {10},
pages = {1189--1214},
title = {{Модели динамики нейронной активности при обработке информации мозгом - итоги ``десятилетия''}},
volume = {170},
year = {2002}
}
