Automatically generated by Mendeley Desktop 1.17.6
Any changes to this file will be lost if it is regenerated by Mendeley.

BibTeX export options can be customized via Options -> BibTeX in Mendeley Desktop

@techreport{Bothell2015,
author = {Bothell, Dan},
file = {:C$\backslash$:/Users/sanek/Documents/Mendeley Desktop/Unknown/2015/Bothell - 2015.pdf:pdf},
institution = {Carnegie Mellon University},
keywords = {cog{\_}arch},
mendeley-tags = {cog{\_}arch},
pages = {516},
title = {{ACT-R 7 Reference Manual}},
url = {http://act-r.psy.cmu.edu/wordpress/wp-content/themes/ACT-R/actr7/reference-manual.pdf},
year = {2015}
}
