Automatically generated by Mendeley Desktop 1.17.6
Any changes to this file will be lost if it is regenerated by Mendeley.

BibTeX export options can be customized via Options -> BibTeX in Mendeley Desktop

@book{Brachman2004,
author = {Brachman, Ronald J and Levesque, Hector J},
file = {:C$\backslash$:/Users/sanek/Documents/Mendeley Desktop/Unknown/2004/Brachman, Levesque - 2004.pdf:pdf},
pages = {381},
publisher = {Morgan Kaufmann},
title = {{Knowledge Representation and Reasoning Acknowledgments Preface}},
year = {2004}
}
