Automatically generated by Mendeley Desktop 1.17.6
Any changes to this file will be lost if it is regenerated by Mendeley.

BibTeX export options can be customized via Options -> BibTeX in Mendeley Desktop

@book{Bratko1977,
address = {Новосибирск},
author = {Братко, А.А. and Кочергин, А. Н.},
file = {:C$\backslash$:/Users/sanek/Documents/Mendeley Desktop/Unknown/1977/Братко, Кочергин - 1977.pdf:pdf},
language = {russian},
pages = {183},
publisher = {Наука},
title = {{Информация и психика}},
year = {1977}
}
