Automatically generated by Mendeley Desktop 1.17.6
Any changes to this file will be lost if it is regenerated by Mendeley.

BibTeX export options can be customized via Options -> BibTeX in Mendeley Desktop

@article{Briscoe2012,
author = {Briscoe, Robert and Schwenkler, John},
doi = {10.1111/cogs.12226},
file = {:C$\backslash$:/Users/sanek/Documents/Mendeley Desktop/Unknown/2012/Briscoe, Schwenkler - 2012.pdf:pdf},
issn = {03640213},
keywords = {attention,consciousness,dorsal stream,dual visual systems,motor control,vision},
pages = {1--21},
title = {{Conscious Vision in Action}},
year = {2012}
}
