Automatically generated by Mendeley Desktop 1.17.6
Any changes to this file will be lost if it is regenerated by Mendeley.

BibTeX export options can be customized via Options -> BibTeX in Mendeley Desktop

@article{Brown2015,
author = {Brown, T I and Carr, V A and LaRocque, K F and Favila, S E and Gordon, A M and Bowles, B and Wagner, A D},
doi = {10.1126/science.aaf0784},
file = {:C$\backslash$:/Users/sanek/Documents/Mendeley Desktop/Science/2015/Brown et al. - 2015.pdf:pdf},
issn = {0036-8075},
journal = {Science},
number = {6291},
pages = {1323--1326},
pmid = {27284194},
title = {{Prospective representation of navigational goals in the human hippocampus}},
volume = {352},
year = {2015}
}
