Automatically generated by Mendeley Desktop 1.17.6
Any changes to this file will be lost if it is regenerated by Mendeley.

BibTeX export options can be customized via Options -> BibTeX in Mendeley Desktop

@phdthesis{Bugaichenko2007,
author = {Бугайченко, Д. Ю.},
file = {:C$\backslash$:/Users/sanek/Documents/Mendeley Desktop/Unknown/2007/Бугайченко - 2007.pdf:pdf},
language = {russian},
pages = {261},
school = {Санкт-Петербургский государственный университет},
title = {{Разработка и реализация методов формально-логической спецификации самонастраивающихся мультиагентных систем с временными ограничениями}},
year = {2007}
}
