Automatically generated by Mendeley Desktop 1.17.6
Any changes to this file will be lost if it is regenerated by Mendeley.

BibTeX export options can be customized via Options -> BibTeX in Mendeley Desktop

@article{Burton-Jones2005,
author = {Burton-Jones, Andrew and Storey, Veda C. and Sugumaran, Vijayan and Ahluwalia, Punit},
doi = {10.1016/j.datak.2004.11.010},
file = {:C$\backslash$:/Users/sanek/Documents/Mendeley Desktop/Data {\&} Knowledge Engineering/2005/Burton-Jones et al. - 2005.pdf:pdf},
issn = {0169023X},
journal = {Data {\&} Knowledge Engineering},
keywords = {1 248 370 2831,a,abjones,ahluwalia,burton-jones,c,cis,corresponding author,e-mail addresses,edu,gsu,hispaa,oakland,ontology,ontology auditor,p,quality metric,semiotic theory,storey,sugumara,sugumaran,tel,v,vstorey},
number = {1},
pages = {84--102},
title = {{A semiotic metrics suite for assessing the quality of ontologies}},
url = {http://linkinghub.elsevier.com/retrieve/pii/S0169023X0400223X},
volume = {55},
year = {2005}
}
