Automatically generated by Mendeley Desktop 1.17.6
Any changes to this file will be lost if it is regenerated by Mendeley.

BibTeX export options can be customized via Options -> BibTeX in Mendeley Desktop

@inproceedings{Bylander1992,
author = {Bylander, Tom},
booktitle = {Proceedings of the First Conference (AIPS 92)},
file = {:C$\backslash$:/Users/sanek/Documents/Mendeley Desktop/Proceedings of the First Conference (AIPS 92)/1992/Bylander - 1992.pdf:pdf},
pages = {20--27},
title = {{Complexity Results for Planning}},
url = {http://www.ijcai.org/Past Proceedings/IJCAI-91-VOL1/PDF/043.pdf},
year = {1992}
}
