Automatically generated by Mendeley Desktop 1.17.6
Any changes to this file will be lost if it is regenerated by Mendeley.

BibTeX export options can be customized via Options -> BibTeX in Mendeley Desktop

@article{Carpenter1987,
author = {Carpenter, Gaila and Grossberg, Stephen},
file = {:C$\backslash$:/Users/sanek/Documents/Mendeley Desktop/Computer Vision, Graphics and Image Processing/1987/Carpenter, Grossberg - 1987.pdf:pdf},
journal = {Computer Vision, Graphics and Image Processing},
keywords = {nn},
pages = {54--115},
title = {{A Massively Parallel Architecture for a Self-Organizing Neural Pattern Recognition Machine}},
volume = {37},
year = {1987}
}
