Automatically generated by Mendeley Desktop 1.17.6
Any changes to this file will be lost if it is regenerated by Mendeley.

BibTeX export options can be customized via Options -> BibTeX in Mendeley Desktop

@article{Castejon2016,
author = {Castejon, Carlos and Nu{\~{n}}ez, Angel},
doi = {10.3389/fncir.2016.00081},
file = {:C$\backslash$:/Users/sanek/Documents/Mendeley Desktop/Frontiers in Neural Circuits/2016/Castejon, Nu{\~{n}}ez - 2016.pdf:pdf},
journal = {Frontiers in Neural Circuits},
keywords = {brain oscillations,cell ensembles,cerebral cortex,computation,discrete,discrete computation,fast-spiking cells,neural synchronization,processing resolution,sensory processing},
pages = {1--12},
title = {{Cortical Neural Computation by Discrete Results Hypothesis}},
volume = {10},
year = {2016}
}
