Automatically generated by Mendeley Desktop 1.17.6
Any changes to this file will be lost if it is regenerated by Mendeley.

BibTeX export options can be customized via Options -> BibTeX in Mendeley Desktop

@article{Cervone2010,
author = {Cervone, Guido and Franzese, Pasquale and Keesee, Allen P. K.},
doi = {10.1002/wics.78},
file = {:C$\backslash$:/Users/sanek/Documents/Mendeley Desktop/Wiley Interdisciplinary Reviews Computational Statistics/2010/Cervone, Franzese, Keesee - 2010.pdf:pdf},
issn = {19395108},
journal = {Wiley Interdisciplinary Reviews: Computational Statistics},
number = {2},
pages = {218--236},
title = {{Algorithm quasi-optimal (AQ) learning}},
url = {http://doi.wiley.com/10.1002/wics.78},
volume = {2},
year = {2010}
}
