Automatically generated by Mendeley Desktop 1.17.6
Any changes to this file will be lost if it is regenerated by Mendeley.

BibTeX export options can be customized via Options -> BibTeX in Mendeley Desktop

@article{Chalita2016,
author = {Chalita, Mario Andr{\'{e}}s and Lis, Diego and Caverzasi, Agust{\'{i}}n},
doi = {10.1016/j.bica.2016.03.001},
file = {:C$\backslash$:/Users/sanek/Documents/Mendeley Desktop/Biologically Inspired Cognitive Architectures/2016/Chalita, Lis, Caverzasi - 2016.pdf:pdf},
issn = {2212683X},
journal = {Biologically Inspired Cognitive Architectures},
keywords = {reinforcement learning},
pages = {45--63},
title = {{Reinforcement learning in a bio-connectionist model based in the thalamo-cortical neural circuit}},
url = {http://linkinghub.elsevier.com/retrieve/pii/S2212683X16300159},
year = {2016}
}
