Automatically generated by Mendeley Desktop 1.17.6
Any changes to this file will be lost if it is regenerated by Mendeley.

BibTeX export options can be customized via Options -> BibTeX in Mendeley Desktop

@inproceedings{Chen2016,
address = {Austin},
author = {Chen, Stephanie Y and Bartels, Daniel M and Urminsky, Oleg},
booktitle = {Proceedings of the 38th Annual Conference of the Cognitive Science Society},
editor = {Papafragou, A. and Grodner, D. and Mirman, D. and Trueswell, J.C.},
file = {:C$\backslash$:/Users/sanek/Documents/Mendeley Desktop/Proceedings of the 38th Annual Conference of the Cognitive Science Society/2016/Chen, Bartels, Urminsky - 2016.pdf:pdf},
keywords = {causal,concepts and categories,personal identity,reasoning,self-concept},
pages = {1727--1732},
publisher = {Cognitive Science Society},
title = {{Is the Self - Concept like other Concepts ? The Causal Structure of Identity}},
year = {2016}
}
