Automatically generated by Mendeley Desktop 1.17.6
Any changes to this file will be lost if it is regenerated by Mendeley.

BibTeX export options can be customized via Options -> BibTeX in Mendeley Desktop

@article{Chernavsky2012a,
author = {Чернавская, О. Д. and Чернавский, Д. С. and Карп, В. П. and Никитин, А. П. and Рожило, Я. А.},
file = {:C$\backslash$:/Users/sanek/Documents/Mendeley Desktop/Сложные системы/2012/Чернавская et al. - 2012(2).pdf:pdf},
journal = {Сложные системы},
language = {russian},
number = {3},
pages = {46--65},
title = {{Процесс мышления в контексте динамической теории информации. Часть II: понятие «образ» и «символ» как инструменты моделирования процесса мышления средствами нейрокомпьютинга}},
volume = {2},
year = {2012}
}
