Automatically generated by Mendeley Desktop 1.17.6
Any changes to this file will be lost if it is regenerated by Mendeley.

BibTeX export options can be customized via Options -> BibTeX in Mendeley Desktop

@article{Chernavsky2012c,
abstract = {Рассматривается одна из возможных схем нейропроцессорной конструкции, способной решать задачи, традиционно относимые к мышлению и творчеству. Выделена подсистема, обрабатывающая образную информацию; ее важная составляющая — ―размытое множество‖, содержащее всю образную информацию, доступную системе. Выделена подсистема, способная решать логические задачи. Подсистема распознавания процесса и построения прогноза позволяет ввести понятие континуального времени. Показано, что решение творческих задач (при недостатке информации или противоречивости алгоритмов) в символьной подсистеме невозможно и требует обращения к размытому (образному) множеству.},
author = {Чернавский, Д. С. and Карп, В. П. and Никитин, А. П. and Рожило, Я. А. and Чернавская, О. Д.},
file = {:C$\backslash$:/Users/sanek/Documents/Mendeley Desktop/Сложны/2012/Чернавский et al. - 2012.pdf:pdf},
journal = {Сложны},
keywords = {мышление,научное творчество,нейропроцессор,самоорганизация,символьная система},
language = {russian},
number = {4},
pages = {25--37},
title = {{Процесс мышления в контексте динамической теории информации. Часть III: один из вариантов конструкции нейропроцессоров для моделирования процесса мышления}},
volume = {3},
year = {2012}
}
