Automatically generated by Mendeley Desktop 1.17.6
Any changes to this file will be lost if it is regenerated by Mendeley.

BibTeX export options can be customized via Options -> BibTeX in Mendeley Desktop

@article{Chernavsky2000,
author = {Чернавский, Д. С.},
file = {:C$\backslash$:/Users/sanek/Documents/Mendeley Desktop/Успехи физических наук/2000/Чернавский - 2000.pdf:pdf},
journal = {Успехи физических наук},
language = {russian},
number = {2},
pages = {158--183},
title = {{Проблема происхождения жизни и мышления с точки зрения современной физики}},
volume = {170},
year = {2000}
}
