Automatically generated by Mendeley Desktop 1.17.6
Any changes to this file will be lost if it is regenerated by Mendeley.

BibTeX export options can be customized via Options -> BibTeX in Mendeley Desktop

@article{Chernigovskaya2008,
author = {Черниговская, Т В},
file = {:C$\backslash$:/Users/sanek/Documents/Mendeley Desktop/Разумное поведение и язык/2008/Черниговская - 2008.pdf:pdf},
journal = {Разумное поведение и язык},
language = {russian},
number = {1},
pages = {289--306},
title = {{Что делает нас людьми: почему непременно рекурсивные правила?}},
year = {2008}
}
