Automatically generated by Mendeley Desktop 1.17.6
Any changes to this file will be lost if it is regenerated by Mendeley.

BibTeX export options can be customized via Options -> BibTeX in Mendeley Desktop

@article{Chudova2012a,
author = {Чудова, Н. В.},
file = {:C$\backslash$:/Users/sanek/Documents/Mendeley Desktop/Искусственный интеллект и принятие решений/2012/Чудова - 2012(2).pdf:pdf},
journal = {Искусственный интеллект и принятие решений},
keywords = {12-07-00611,lingvo},
language = {russian},
mendeley-tags = {12-07-00611,lingvo},
number = {4},
pages = {3--31},
title = {{Понимание: предмет исследования и объект моделирования}},
year = {2012}
}
