Automatically generated by Mendeley Desktop 1.17.6
Any changes to this file will be lost if it is regenerated by Mendeley.

BibTeX export options can be customized via Options -> BibTeX in Mendeley Desktop

@inproceedings{Chudova2012c,
author = {Чудова, Н. В.},
booktitle = {Пятая международная конференция по когнитивной науке: Тезисы докладов: Калининград, 18-24 июня 2012 г.},
file = {:C$\backslash$:/Users/sanek/Documents/Mendeley Desktop/Пятая международная конференция по когнитивной науке Тезисы докладов Калининград, 18-24 июня 2012 г/2012/Чудова - 2012.pdf:pdf},
language = {russian},
pages = {815--816},
title = {{К вопросу об операционализации понятия ``картина мира''}},
year = {2012}
}
