Automatically generated by Mendeley Desktop 1.17.6
Any changes to this file will be lost if it is regenerated by Mendeley.

BibTeX export options can be customized via Options -> BibTeX in Mendeley Desktop

@article{Chudova2016,
abstract = {Проведено психологическое эмпирическое исследование связи агрессивности с различными личностными особенностями, представлены результаты, полученные для различных форм агрессивности, в том числе с применением метода машинного обучения AQJSM. По выделенным классам (группам с высокими показателями по данным опросника на агрессивность) с использованием предобработки данных с помощью генерации AQ-правил и индуктивного вывода в стиле ДСМ осуществляется поиск причинно-следственных отношений для всех целевых свойств выделенных групп. Используемый метод подходит как для анализа небольшого количества полных данных, так и для работы с массивами неполных данных большого размера. Показано как метод AQJSM позволяет проводить на данных психодиагностического обследования автоматический синдромный анализ.},
author = {Чудова, Н. В. and Панов, А. И.},
file = {:C$\backslash$:/Users/sanek/Documents/Mendeley Desktop/Искусственный интеллект и принятие решений/2016/Чудова, Панов - 2016.docx:docx;:C$\backslash$:/Users/sanek/Documents/Mendeley Desktop/Искусственный интеллект и принятие решений/2016/Чудова, Панов - 2016.pdf:pdf},
issn = {2071-8594},
journal = {Искусственный интеллект и принятие решений},
keywords = {13-06- 00658,AQ-правила,elibrary,mypub,ДСМ-метод,агрессивность,машинное обучение,причинно-следственные отношения,психодиагностическое исследование},
language = {russian},
mendeley-tags = {13-06- 00658,elibrary,mypub},
number = {4},
pages = {38--46},
title = {{Извлечение причинно-следственных отношений из данных психологического исследования на материале изучения агрессивности}},
year = {2016}
}
