Automatically generated by Mendeley Desktop 1.17.6
Any changes to this file will be lost if it is regenerated by Mendeley.

BibTeX export options can be customized via Options -> BibTeX in Mendeley Desktop

@article{Chudova2015,
author = {Чудова, Н. В.},
file = {:C$\backslash$:/Users/sanek/Documents/Mendeley Desktop/Труды Института Системного Анализа РАН/2015/Чудова - 2015.pdf:pdf;:C$\backslash$:/Users/sanek/Documents/Mendeley Desktop/Труды Института Системного Анализа РАН/2015/Чудова - 2015(2).pdf:pdf},
journal = {Труды Института Системного Анализа РАН},
keywords = {12-07-00611,13-06-00658,psycho},
language = {russian},
mendeley-tags = {12-07-00611,13-06-00658,psycho},
number = {1},
title = {{Агрессивность и конструктивное мышление}},
volume = {65},
year = {2015}
}
