Automatically generated by Mendeley Desktop 1.17.6
Any changes to this file will be lost if it is regenerated by Mendeley.

BibTeX export options can be customized via Options -> BibTeX in Mendeley Desktop

@article{Chudova2012b,
author = {Чудова, Н. В.},
file = {:C$\backslash$:/Users/sanek/Documents/Mendeley Desktop/Искусственный интеллект и принятие решений/2012/Чудова - 2012.pdf:pdf},
journal = {Искусственный интеллект и принятие решений},
keywords = {12-07-00611,psycho},
language = {russian},
mendeley-tags = {12-07-00611,psycho},
number = {2},
pages = {51--62},
title = {{Концептуальная модель картины мира для задачи моделирования поведения, основанного на сознании}},
year = {2012}
}
