Automatically generated by Mendeley Desktop 1.17.6
Any changes to this file will be lost if it is regenerated by Mendeley.

BibTeX export options can be customized via Options -> BibTeX in Mendeley Desktop

@article{Chun1995,
author = {Chun, M. M. and Potter, M. C.},
journal = {Journal of Experimental Psychology: Human Perception and Performance},
number = {21},
pages = {109--127},
title = {{A two-stage model for multiple target detection in rapid serial visual presentation}},
year = {1995}
}
