Automatically generated by Mendeley Desktop 1.17.6
Any changes to this file will be lost if it is regenerated by Mendeley.

BibTeX export options can be customized via Options -> BibTeX in Mendeley Desktop

@article{Churchill2014,
author = {Churchill, Alexander W. and Fernando, Chrisantha},
doi = {10.1007/s12065-014-0121-7},
file = {:C$\backslash$:/Users/sanek/Documents/Mendeley Desktop/Evolutionary Intelligence/2014/Churchill, Fernando - 2014.pdf:pdf},
issn = {1864-5909},
journal = {Evolutionary Intelligence},
keywords = {cognitive architecture {\'{a}} darwinian,neurodynamics {\'{a}} open-ended evolution,{\'{a}} robotics},
number = {3},
pages = {169--182},
title = {{An evolutionary cognitive architecture made of a bag of networks}},
url = {http://link.springer.com/10.1007/s12065-014-0121-7},
volume = {7},
year = {2014}
}
