Automatically generated by Mendeley Desktop 1.17.6
Any changes to this file will be lost if it is regenerated by Mendeley.

BibTeX export options can be customized via Options -> BibTeX in Mendeley Desktop

@article{Chuvgunova2015,
abstract = {Целью данной статьи является обобщение и сопоставление результатов психологических исследований феномена планирования, а также анализ методов изучения планирования в психологии. В статье осуществлен аналитический обзор исследований феномена планирования в когнитивной психологии, нейропсихологии, теории деятельности.},
author = {Чувгунова, О. А.},
file = {:C$\backslash$:/Users/sanek/Documents/Mendeley Desktop/Психологические исследования/2015/Чувгунова - 2015.pdf:pdf},
journal = {Психологические исследования},
keywords = {деятельность,исполнительные функции,когнитивная психология,нейропсихология,планирование},
language = {russian},
number = {43},
pages = {11},
title = {{Планирование как предмет психологического исследования}},
url = {http://psystudy.ru/index.php/num/2015v8n43/1191-chuvgunova43.html К},
volume = {8},
year = {2015}
}
