Automatically generated by Mendeley Desktop 1.17.6
Any changes to this file will be lost if it is regenerated by Mendeley.

BibTeX export options can be customized via Options -> BibTeX in Mendeley Desktop

@article{Cichy2016,
author = {Cichy, Radoslaw Martin and Khosla, Aditya and Pantazis, Dimitrios and Torralba, Antonio and Oliva, Aude},
doi = {10.1038/srep27755},
file = {:C$\backslash$:/Users/sanek/Documents/Mendeley Desktop/Scientific Reports/2016/Cichy et al. - 2016.pdf:pdf},
issn = {2045-2322},
journal = {Scientific Reports},
number = {6},
pmid = {27282108},
title = {{Deep neural networks predict hierarchical spatio-temporal cortical dynamics of human visual object recognition}},
url = {http://dx.doi.org/10.1038/srep27755},
year = {2016}
}
