Automatically generated by Mendeley Desktop 1.17.6
Any changes to this file will be lost if it is regenerated by Mendeley.

BibTeX export options can be customized via Options -> BibTeX in Mendeley Desktop

@article{Cisek2007,
author = {Cisek, P.},
doi = {10.1098/rstb.2007.2054},
file = {:C$\backslash$:/Users/sanek/Documents/Mendeley Desktop/Philosophical Transactions of the Royal Society B Biological Sciences/2007/Cisek - 2007.pdf:pdf},
issn = {0962-8436},
journal = {Philosophical Transactions of the Royal Society B: Biological Sciences},
keywords = {action selection,cerebral cortex,computational modelling,decision making},
number = {1485},
pages = {1585--1599},
title = {{Cortical mechanisms of action selection: the affordance competition hypothesis}},
url = {http://rstb.royalsocietypublishing.org/cgi/doi/10.1098/rstb.2007.2054},
volume = {362},
year = {2007}
}
