Automatically generated by Mendeley Desktop 1.17.10
Any changes to this file will be lost if it is regenerated by Mendeley.

BibTeX export options can be customized via Options -> BibTeX in Mendeley Desktop

@article{Panov2016d,
abstract = {В работе исследуется задача автоматического планирования в контексте более общей проблемы создания интеллектуальных систем управления сложными техническими объектами (мобильными роботами, беспилотными транспортными средствами и др.). Основное внимание уделяется задачам, которые не могут быть решены без взаимодействия методов стратегического (символьного) и тактического (субсимвольного) планирования. В работе предлагаются оригинальные методы планирования на символьном (психологически правдоподобное планирование поведения агента) и субсимвольном (планирование траектории) уровнях. Описываются способы их взаимной увязки и возникающие прямые и обратные связи. Приводится описание применения указанных алгоритмов на модельном примере задачи коллективного перемещения в динамической среде с разрушаемыми препятствиями.},
author = {Панов, А. И. and Яковлев, К. С.},
file = {:C$\backslash$:/Users/sanek/Documents/Mendeley Desktop/Искусственный интеллект и принятие решений/2016/Панов, Яковлев - 2016.doc:doc;:C$\backslash$:/Users/sanek/Documents/Mendeley Desktop/Искусственный интеллект и принятие решений/2016/Панов, Яковлев - 2016.pdf:pdf},
journal = {Искусственный интеллект и принятие решений},
keywords = {15-37-20893,16-37-60055,A*,JPS,LIAN,elibrary,mypub,vak,автоматическое планирование,знаковая картина мира,значение,интеллектуальное планирование,личностный смысл,образ,планирование,планирование поведения,планирование траектории,эвристический поиск},
language = {russian},
mendeley-tags = {15-37-20893,16-37-60055,elibrary,mypub,vak},
number = {4},
pages = {68--78},
title = {{Взаимодействие стратегического и тактического планирования поведения коалиций агентов в динамической среде}},
url = {http://aidt.ru/index.php?option=com{\_}content{\&}view=article{\&}id=740:a-i-panov-k-s-yakovlev-vzaimodejstvie-strategicheskogo-i-takticheskogo-planirovaniya-povedeniya-koalitsii-agentov-v-dinamicheskoj-srede{\&}catid=291:modelirovanie-povedeniya-i-upravlenie{\&}Itemid=},
year = {2016}
}
@article{Panov2016b,
abstract = {Behavior planning is known to be one of the basic cognitive functions, which is essential for any cognitive architecture of any control system used in robotics. At the same time most of the widespread planning algorithms employed in those systems are developed using only approaches and models of Artificial Intelligence and don't take into account numerous results of cognitive experiments. As a result, there is a strong need for novel methods of behavior planning suitable for modern cognitive architectures aimed at robot control. One such method is presented in this work and is studied within a special class of navigation task called smart relocation task. The method is based on the hierarchical two-level model of abstraction and knowledge representation, e.g. symbolic and subsymbolic. On the symbolic level sign world model is used for knowledge representation and hierarchical planning algorithm, MAP, is utilized for planning. On the subsymbolic level the task of path planning is considered and solved as a graph search problem. Interaction between both planners is examined and inter-level interfaces and feedback loops are described. Preliminary experimental results are presented.},
author = {Panov, Aleksandr I. and Yakovlev, Konstantin S.},
doi = {10.1016/j.procs.2016.07.414},
file = {:C$\backslash$:/Users/sanek/Documents/Mendeley Desktop/Procedia Computer Science/2016/Panov, Yakovlev - 2016.pdf:pdf;:C$\backslash$:/Users/sanek/Documents/Mendeley Desktop/Procedia Computer Science/2016/Panov, Yakovlev - 2016(2).pdf:pdf},
issn = {1877-0509},
journal = {Procedia Computer Science},
keywords = {16-11-00048,behavior planning,computer cognitive modeling,map,myconf,path planning,planner,scopus,sign world model,theory of activity,wos{\_}core},
mendeley-tags = {16-11-00048,myconf,scopus,wos{\_}core},
pages = {115--124},
title = {{Psychologically Inspired Planning Method for Smart Relocation Task}},
url = {http://www.sciencedirect.com/science/article/pii/S1877050916316702},
volume = {88},
year = {2016}
}
@article{Osipov2014c,
abstract = {Рассматриваются функции, которые в психологии принято относить к функциям сознания. К числу таких функций относятся рефлексия, осознание мотива деятельности, целеполагание, синтез целенаправленного поведения и некоторые иные. Описание опирается на понятие знака, достаточно широко используемое в психологии, в частности, в культурно-исторической теории Л.С.Выготского, где знак понимается неформальным образом. В настоящей работе уточняется понятие знака, рассматриваются механизмы формирования знаков и некоторые процедуры самоорганизации на множестве знаков. Благодаря работе механизмов самоорганизации возникает новый способ представления картины мира субъекта деятельности. Вводится понятие семиотической сети, которое используется для исследования картин мира субъектов. Строятся модели некоторых из указанных выше функций. Вторая часть статьи посвящена функциям самосознания и применению построенных моделей для задачи синтеза плана и построения новых архитектур интеллектуальных агентов, обладающих, в частности, способностями к распределению ролей в коалициях.},
author = {Осипов, Г. С. and Панов, А. И. and Чудова, Н. В.},
doi = {10.7868/S000233881404012X},
file = {:C$\backslash$:/Users/sanek/Documents/Mendeley Desktop/Известия Российской академии наук. Теория и системы управления/2014/Осипов, Панов, Чудова - 2014.doc:doc;:C$\backslash$:/Users/sanek/Documents/Mendeley Desktop/Известия Российской академии наук. Теория и системы управления/2014/Осипов, Панов, Чудова - 2014.pdf:pdf},
issn = {0002-3388},
journal = {Известия Российской академии наук. Теория и системы управления},
keywords = {12-07-00611,elibrary,mypub,vak},
language = {russian},
mendeley-tags = {12-07-00611,elibrary,mypub,vak},
number = {4},
pages = {49--62},
title = {{Управление поведением как функция сознания. I. Картина мира и целеполагание}},
url = {http://elibrary.ru/item.asp?doi=10.7868/S000233881404012X},
year = {2014}
}
@inproceedings{Makarov2016,
abstract = {Работа посвящена архитектуре системы управления сложными техническими объектами, рассматриваемыми как интеллектуальные агенты. В качестве таких объектов взяты малые беспилотные летательные аппараты (БПЛА) мультикоптерного типа. Архитектура состоит из трех уровней: стратегического, тактического и реактивного. Её применение позволит автоматизировать управление как отдельными БПЛА, так и их коалициями БПЛА при решении широкого круга задач.},
address = {Смоленск},
author = {Макаров, Д. А. and Панов, А. И. and Яковлев, К. С.},
booktitle = {Пятнадцатая национальная конференция по искусственному интеллекту с международным участием КИИ-2016 (3-7 октября 2016г., г.Смоленск, Россия): Труды конференции},
file = {:C$\backslash$:/Users/sanek/Documents/Mendeley Desktop/Пятнадцатая национальная конференция по искусственному интеллекту с международным участием КИИ-2016 (3-7.Смоленск, Россия) Труды конференции/2016/Макаров, Панов, Яковлев - 2016(2).doc:doc;:C$\backslash$:/Users/sanek/Documents/Mendeley Desktop/Пятнадцатая национальная конференция по искусственному интеллекту с международным участием КИИ-2016 (3-7.Смоленск, Россия) Труды конференции/2016/Макаров, Панов, Яковлев - 2016.pdf:pdf;:C$\backslash$:/Users/sanek/Documents/Mendeley Desktop/Пятнадцатая национальная конференция по искусственному интеллекту с международным участием КИИ-2016 (3-7.Смоленск, Россия) Труды конференции/2016/Макаров, Панов, Яковлев - 2016(2).pdf:pdf},
isbn = {978-5-91412-316-8},
keywords = {14-11-00692,elibrary,myconf,беспилотные летательные аппараты,знаковая картина мира,интеллектуальная система управления,многоуровневая архитектура,нелинейное управление,планирование поведения,планирование траектории,уравнение Риккати},
language = {russian},
mendeley-tags = {14-11-00692,elibrary,myconf},
pages = {179--188},
publisher = {Универсум},
title = {{STRL: многоуровневая система управления интеллектуальными агентами}},
volume = {1},
year = {2016}
}
@article{Emelyanov2016,
abstract = {Extensive use of unmanned aerial vehicles (UAVs) in recent years has induced the rapid growth of research areas related to UAV production. Among these, the design of control systems capable of automating a wide range of UAV activities is one of the most actively explored and evolving. Currently, researchers and developers are interested in designing control systems that can be referred to as intelligent, e.g. the systems which are suited to solve such tasks as planning, goal prioritization, coalition formation etc. and thus guarantee high levels of UAV autonomy. One of the principal problems in intelligent control system design is tying together various methods and models traditionally used in robotics and aimed at solving such tasks as dynamics modelling, control signal genera- tion, location and mapping, path planning etc. with the methods of behaviour modelling and planning which are thoroughly studied in cognitive science. Our work is aimed at solving this problem. We propose layered architecture — STRL (strategic, tactical, reactive, layered) — of the control system that au- tomates the behaviour generation using a cognitive approach while taking into account complex dynamics and kinematics of the control object (UAV).We use a special type of knowledge representation — sign world model — that is based on the psychological activity theory to describe individual behaviour planning and coalition formation processes. We also propose path planning methodology which serves as the mediator between the high-level cognitive activities and the reactive control signals generation. To generate these signals we use a state-dependent Riccati equation and specific method for solving it. We believe that utilization of the proposed architecture will broaden the spectrum of tasks which can be solved by the UAV's coalition automatically, as well as raise the autonomy level of each individual member of that coalition.},
author = {Emel'yanov, Stanislav and Makarov, Dmitry and Panov, Aleksandr I. and Yakovlev, Konstantin},
doi = {10.1016/j.cogsys.2015.12.008},
file = {:C$\backslash$:/Users/sanek/Documents/Mendeley Desktop/Cognitive Systems Research/2016/Emel'yanov et al. - 2016.pdf:pdf},
issn = {1389-0417},
journal = {Cognitive Systems Research},
keywords = {14-11-00692,cognitive architecture,elibrary,intelligent control system,mypub,nonlinear control,path planning,scopus,sign world model,state-dependent Riccati equation,unmanned aerial vehicle,wos{\_}core},
mendeley-tags = {14-11-00692,elibrary,mypub,scopus,wos{\_}core},
pages = {58--72},
title = {{Multilayer cognitive architecture for UAV control}},
url = {http://linkinghub.elsevier.com/retrieve/pii/S1389041716000048},
volume = {39},
year = {2016}
}
@article{Makarov2015a,
abstract = {В работе рассмотрен ряд вопросов, возникающих в области автоматизации управления малыми беспилотными летательными аппаратами (БПЛА) мультироторного типа. Предложена совокупность методов планирования и управления, рассмотрена задача организации взаимодействия различных методов и алгоритмов (авторских и известных) в единую интеллектуальную систему управления БПЛА. Предлагается использование трех уровней управления – стратегического, тактического и реактивного, описывается соответствующая архитектура – STRL (от англ. strategic, tactical, reactive, layered). Использование этой архитектуры позволит автоматизировать управление коалициями БПЛА при решении широкого круга задач в различных средах.},
author = {Макаров, Д. А. and Панов, А. И. and Яковлев, К. С.},
file = {:C$\backslash$:/Users/sanek/Documents/Mendeley Desktop/Искусственный интеллект и принятие решений/2015/Макаров, Панов, Яковлев - 2015.pdf:pdf;:C$\backslash$:/Users/sanek/Documents/Mendeley Desktop/Искусственный интеллект и принятие решений/2015/Макаров, Панов, Яковлев - 2015.pdf:pdf;:C$\backslash$:/Users/sanek/Documents/Mendeley Desktop/Искусственный интеллект и принятие решений/2015/Макаров, Панов, Яковлев - 2015.doc:doc},
journal = {Искусственный интеллект и принятие решений},
keywords = {14-11-00692,elibrary,mypub,vak,wos{\_}rsci,беспилотные летательные аппараты,знаковая картина мира,интеллектуальная система управления,многоуровневая архитектура,нелинейное управление,планирование траектории,уравнение Риккати},
language = {russian},
mendeley-tags = {14-11-00692,elibrary,mypub,vak,wos{\_}rsci},
number = {3},
pages = {18--33},
title = {{Архитектура многоуровневой интеллектуальной системы управления беспилотными летательными аппаратами}},
year = {2015}
}
@incollection{Panov2016c,
abstract = {In this paper we outline the approach of solving special type of navigation tasks for robotic systems, when a coalition of robots (agents) acts in the 2D environment, which can be modified by the actions, and share the same goal location. The latter is originally unreachable for some members of the coalition, but the common task still can be accomplished as the agents can assist each other (e.g. by modifying the environment). We call such tasks smart relocation tasks (as the can not be solved by pure path planning methods) and study spatial and behavior interaction of robots while solving them. We use cognitive approach and introduce semiotic knowledge representation — sign world model which underlines behavioral planning methodology. Planning is viewed as a recursive search process in the hierarchical state-space induced by sings with path planning signs reside on the lowest level. Reaching this level triggers path planning which is accomplished by state of the art grid-based planners focused on producing smooth paths (e.g. LIAN) and thus indirectly guarantying feasibility of that paths against agent's dynamic constraints.},
author = {Panov, Aleksandr I. and Yakovlev, Konstantin},
booktitle = {Robot Intelligence Technology and Applications 4},
doi = {10.1007/978-3-319-31293-4_1},
editor = {Kim, Jong-Hwan and Karray, Fakhri and Jo, Jun and Sincak, Peter and Myung, Hyun},
file = {:C$\backslash$:/Users/sanek/Documents/Mendeley Desktop/Robot Intelligence Technology and Applications 4/2016/Panov, Yakovlev - 2016.pdf:pdf;:C$\backslash$:/Users/sanek/Documents/Mendeley Desktop/Robot Intelligence Technology and Applications 4/2016/Panov, Yakovlev - 2016(2).pdf:pdf},
keywords = {14-07-31194,15-37-20893,behavior planning,coalition,elibrary,knowledge representation,lian,myconf,path planning,scopus,semiotic model,sign world model,task planning,wos{\_}core},
mendeley-tags = {14-07-31194,15-37-20893,elibrary,myconf,scopus,wos{\_}core},
pages = {3--20},
publisher = {Springer International Publishing},
series = {Advances in Intelligent Systems and Computing},
title = {{Behavior and Path Planning for the Coalition of Cognitive Robots in Smart Relocation Tasks}},
url = {http://link.springer.com/10.1007/978-3-319-31293-4{\_}1},
year = {2016}
}
@article{Osipov2015d,
abstract = {Рассматриваются процедуры формирования элемента картины мира субъекта деятельности (знака), введенные в первой части работы. Исследуется процесс формирование пары образ – значение знака с учетом современных представлений о строении и функционировании коры головного мозга человека. Строится алгоритм синтеза плана поведения и предлагается новая архитектура интеллектуальных агентов, обладающих, в частности, способностями к распределению ролей в коалициях.},
author = {Осипов, Г. С. and Панов, А. И. and Чудова, Н. В.},
doi = {10.7868/S0002338815050108},
file = {:C$\backslash$:/Users/sanek/Documents/Mendeley Desktop/Известия Российский академии наук. Теория и системы управления/2015/Осипов, Панов, Чудова - 2015.pdf:pdf},
isbn = {0002-3388},
journal = {Известия Российский академии наук. Теория и системы управления},
keywords = {14-11-00692,15-07-06214,elibrary,mypub,vak},
language = {russian},
mendeley-tags = {14-11-00692,15-07-06214,elibrary,mypub,vak},
number = {6},
pages = {47--61},
title = {{Управление поведением как функция сознания. II. Синтез плана поведения}},
year = {2015}
}
