Automatically generated by Mendeley Desktop 1.16.3
Any changes to this file will be lost if it is regenerated by Mendeley.

BibTeX export options can be customized via Options -> BibTeX in Mendeley Desktop

@incollection{Vygotsky2005,
author = {Выготский, Л. С.},
booktitle = {Психология развития человека},
editor = {Бобко, С.},
file = {:C$\backslash$:/Users/sanek/Documents/Mendeley Desktop/Психология развития человека/2005/Выготский - 2005.pdf:pdf},
isbn = {5699137289},
keywords = {psycho},
language = {russian},
mendeley-tags = {psycho},
pages = {664--1019},
publisher = {Эксмо},
title = {{Мышление и речь}},
year = {2005}
}
@book{Leontiev1977,
address = {М.},
author = {Леонтьев, Алексей Николаевич},
edition = {Изд. 2-е},
file = {:C$\backslash$:/Users/sanek/Documents/Mendeley Desktop/Unknown/1977/Леонтьев - 1977.pdf:pdf},
keywords = {psycho},
language = {russian},
mendeley-tags = {psycho},
pages = {304},
publisher = {Политиздат},
title = {{Деятельность. Сознание. Личность}},
year = {1977}
}
@article{Kruglanski2011,
abstract = {Apopular distinction in cognitive and social psychology has been between intuitive and deliberate judgments. This juxtaposition has aligned in dual-process theories of reasoning associative, unconscious, effortless, heuristic, and suboptimal processes (assumed to foster intuitive judgments) versus rule-based, conscious, effortful, analytic, and rational processes (assumed to characterize deliberate judgments). In contrast, we provide convergent arguments and evidence for a unified theoretical approach to both intuitive and deliberative judgments. Both are rule-based, and in fact, the very same rules can underlie both intuitive and deliberate judgments. The important open question is that of rule selection, and we propose a 2-step process in which the task itself and the individual's memory constrain the set of applicable rules, whereas the individual's processing potential and the (perceived) ecological rationality of the rule for the task guide the final selection from that set. Deliberate judgments are not generally more accurate than intuitive judgments; in both cases, accuracy depends on the match between rule and environment: the rules' ecological rationality. Heuristics that are less effortful and in which parts of the information are ignored can be more accurate than cognitive strategies that have more information and computation. The proposed framework adumbrates a unified approach that specifies the critical dimensions on which judgmental situations may vary and the environmental conditions under which rules can be expected to be successful.},
author = {Kruglanski, Arie W. and Gigerenzer, Gerd},
doi = {10.1037/a0020762},
file = {:C$\backslash$:/Users/sanek/Documents/Mendeley Desktop/Psychological Review/2011/Kruglanski, Gigerenzer - 2011.pdf:pdf},
isbn = {0033-295X$\backslash$r1939-1471},
issn = {1939-1471},
journal = {Psychological Review},
keywords = {at times,deliberate judgments,dual-systems models,heuristics,intuitive judgments,nowhere,of the manner of,of their origins or,out much conscious awareness,people,quickly and effortlessly,s judgments seem intuitive,seemingly popping out of,they come to mind,unimodel,with-},
number = {1},
pages = {97--109},
pmid = {21480737},
title = {{Intuitive and deliberate judgments are based on common principles}},
url = {http://doi.apa.org/getdoi.cfm?doi=10.1037/a0020762},
volume = {118},
year = {2011}
}
@article{Kuznetcova2012b,
author = {Кузнецова, Ю. М.},
file = {:C$\backslash$:/Users/sanek/Documents/Mendeley Desktop/Труды Института системного анализа/2012/Кузнецова - 2012.pdf:pdf},
journal = {Труды Института системного анализа},
keywords = {12-07-00611,lingvo},
language = {russian},
mendeley-tags = {12-07-00611,lingvo},
number = {3},
pages = {116--131},
title = {{Понимание и проблемы языкового выражения смысла}},
volume = {62},
year = {2012}
}
@article{Galitsky2013,
abstract = {We develop a generic software component for computing consecutive plausible mental states of human agents. The simulation approach to reasoning about mental world is introduced that is based on exhaustive search through the space of available behaviors. This approach to reasoning is implemented as a logic program in a natural language multiagent mental simulator NL-MAMS, which yields the totality of possible mental states few steps in advance, given an arbitrary initial mental state of participating agents. Due to an extensive vocabulary of formally represented mental attitudes, communicative actions and accumulated library of behaviors, NL-MAMS is capable of yielding much richer set of sequences of mental state than a conventional system of reasoning about beliefs, desires and intentions would deliver. Also, NL-MAMS functions in domain-independent manner, outperforming machine learning-based systems for predicting behaviors of human agents in broad domains where training sets are limited. We evaluate the correctness, coverage and maximum complexity of the NL-MAMS and discuss its integration with other reasoning components and its application domains. The proposed component is intended to be integrated into eBay human behavior simulation system, predicting behavior of buyers and sellers in normal and conflict situations. Also, NL-MAMS can be a part of any software system where modeling of human users is necessary, such as a personalized assistant, a tutoring or decision support system, advisor, recommender and conflict resolver. ?? 2013 Elsevier B.V. All rights reserved.},
author = {Galitsky, Boris},
doi = {10.1016/j.knosys.2012.11.001},
file = {:C$\backslash$:/Users/sanek/Documents/Mendeley Desktop/Knowledge-Based Systems/2013/Galitsky - 2013.pdf:pdf},
isbn = {0950-7051, 0950-7051},
issn = {09507051},
journal = {Knowledge-Based Systems},
keywords = {Belief,Desire,Intention and other mental attitudes,Interaction between human agents,Reasoning about mental attitudes,Simulation},
pages = {1--20},
title = {{Exhaustive simulation of consecutive mental states of human agents}},
url = {http://dx.doi.org/10.1016/j.knosys.2012.11.001},
volume = {43},
year = {2013}
}
@book{Vygotsky1960,
address = {М.},
author = {Выготский, Л. С.},
editor = {Леонтьев, Алексей Николаевич and Лурия, A. Р. and Теплова, Б. М.},
file = {:C$\backslash$:/Users/sanek/Documents/Mendeley Desktop/Unknown/1960/Выготский - 1960.pdf:pdf},
keywords = {psycho},
language = {russian},
mendeley-tags = {psycho},
pages = {130},
publisher = {Издательство Академии педагогических наук},
title = {{Развитие высших психических функций}},
year = {1960}
}
@book{Luria1973,
author = {Luria, A.R.},
pages = {400},
publisher = {Basic Books},
title = {{The Working Brain: An Introduction To Neuropsychology}},
year = {1973}
}
@incollection{Gippenreiter1998b,
address = {М.},
author = {Гиппенрейтер, Ю. Б.},
booktitle = {Введение в общую психологию. Курс лекций},
file = {:C$\backslash$:/Users/sanek/Documents/Mendeley Desktop/Введение в общую психологию. Курс лекций/1998/Гиппенрейтер - 1998(2).pdf:pdf},
keywords = {psycho},
language = {russian},
mendeley-tags = {psycho},
title = {{Психологическа теори де тельности. [Мотивационный аспект]}},
year = {1998}
}
@book{Artemyeva2007,
address = {М.},
author = {Артемьева, Е. Ю.},
file = {:C$\backslash$:/Users/sanek/Documents/Mendeley Desktop/Unknown/2007/Артемьева - 2007.pdf:pdf},
keywords = {psycho},
language = {russian},
mendeley-tags = {psycho},
pages = {136},
publisher = {Издательство ЛКИ},
title = {{Психология субъективной семантики}},
year = {2007}
}
@book{Vygotsy1986,
author = {Vygotsky, L. S.},
keywords = {psycho},
mendeley-tags = {psycho},
pages = {344},
publisher = {MIT Press},
title = {{Thought and Language}},
year = {1986}
}
@book{ZhuravlevL2009,
address = {М.},
editor = {Журавлев, А. Л. and Сергиенко, Е. А. and Знаков, В. В. and Александров, И. О.},
file = {:C$\backslash$:/Users/sanek/Documents/Mendeley Desktop/Unknown/2009/Unknown - 2009.pdf:pdf},
isbn = {9785927001705},
keywords = {psycho},
language = {russian},
mendeley-tags = {psycho},
pages = {400},
publisher = {Институт психологии РАН},
title = {{Психология человека в современном мире}},
volume = {3},
year = {2009}
}
@book{Velichkovsky2006a,
address = {М.},
author = {Величковский, Б. М.},
file = {:C$\backslash$:/Users/sanek/Documents/Mendeley Desktop/Unknown/2006/Величковский - 2006.pdf:pdf},
isbn = {5893572173},
keywords = {psycho},
language = {russian},
mendeley-tags = {psycho},
pages = {448},
publisher = {Смысл},
title = {{Когнитивная наука: Основы психологии познания: в 2 т.}},
volume = {1},
year = {2006}
}
@incollection{Verenikina,
author = {Verenikina, I. and Gould, E.},
booktitle = {Information Systems and Activity Theory: Tools in Context},
editor = {Hasan, H. and Gould, E. and Hyland, P.},
pages = {7--18},
publisher = {Wollongong University Press},
title = {{Cultural-Historical Psychology and Activity Theory}},
year = {1998}
}
@article{Chudova2012a,
author = {Чудова, Н. В.},
file = {:C$\backslash$:/Users/sanek/Documents/Mendeley Desktop/Искусственный интеллект и принятие решений/2012/Чудова - 2012(2).pdf:pdf},
journal = {Искусственный интеллект и принятие решений},
keywords = {12-07-00611,lingvo},
language = {russian},
mendeley-tags = {12-07-00611,lingvo},
number = {4},
pages = {3--31},
title = {{Понимание: предмет исследования и объект моделирования}},
year = {2012}
}
@article{Blouw2015,
abstract = {The reconciliation of theories of concepts based on prototypes, exemplars, and theory-like structures is a longstanding problem in cognitive science. In response to this problem, researchers have recently tended to adopt either hybrid theories that combine various kinds of representational structure, or eliminative theories that replace concepts with a more finely grained taxonomy of mental representations. In this paper, we describe an alternative approach involving a single class of mental representations called "semantic pointers." Semantic pointers are symbol-like representations that result from the compression and recursive binding of perceptual, lexical, and motor representations, effectively integrating traditional connectionist and symbolic approaches. We present a computational model using semantic pointers that replicates experimental data from categorization studies involving each prior paradigm. We argue that a framework involving semantic pointers can provide a unified account of conceptual phenomena, and we compare our framework to existing alternatives in accounting for the scope, content, recursive combination, and neural implementation of concepts.},
author = {Blouw, Peter and Solodkin, Eugene and Thagard, Paul and Eliasmith, Chris},
doi = {10.1111/cogs.12265},
file = {:C$\backslash$:/Users/sanek/Documents/Mendeley Desktop/Cognitive Science/2015/Blouw et al. - 2015.pdf:pdf},
issn = {03640213},
journal = {Cognitive Science},
keywords = {categorization,computational modeling,concepts,mental representation,neural computation,semantics},
pages = {n/a--n/a},
pmid = {26235459},
title = {{Concepts as Semantic Pointers: A Framework and Computational Model}},
url = {http://doi.wiley.com/10.1111/cogs.12265},
year = {2015}
}
@book{Vygotsky1987,
address = {New York},
author = {Vygotsky, L. S.},
editor = {Rieber, Robert W. and Carton, Aaron S.},
keywords = {psycho},
mendeley-tags = {psycho},
publisher = {Plenum Press},
title = {{The Collected Works of L. S. Vygotsky}},
year = {1987}
}
@inproceedings{Eisenberg2016,
address = {Austin},
author = {Eisenberg, Michelle L and Zacks, Jeffrey M and Howard, Lauren H and Woodward, Amanda L and Loucks, Jeff and Meltzoff, Andrew N and Rcooperbbkacuk, Richard P Cooper},
booktitle = {Proceedings of the 38th Annual Conference of the Cognitive Science Society},
editor = {Papafragou, A. and Grodner, D. and Mirman, D. and Trueswell, J.C.},
file = {:C$\backslash$:/Users/sanek/Documents/Mendeley Desktop/Proceedings of the 38th Annual Conference of the Cognitive Science Society/2016/Eisenberg et al. - 2016.pdf:pdf},
keywords = {cognitive development,events,goal critically separates dynamic,goal hierarchies,goals,human action,human behaviours are,involving humans from other,memory,prediction,the concept of a},
pages = {53--54},
publisher = {Cognitive Science Society},
title = {{Higher-Level Goals in the Processing of Human Action Events}},
year = {2016}
}
@article{Luria1977,
author = {Лурия, A. Р.},
journal = {Вопросы философии},
keywords = {psycho},
language = {russian},
mendeley-tags = {psycho},
number = {9},
pages = {68--77},
title = {{О месте психологии в ряду социальных и биологических наук}},
year = {1977}
}
@article{Evans2013,
abstract = {Dual-process and dual-system theories in both cognitive and social psychology have been subjected to a number of recently published criticisms. However, they have been attacked as a category, incorrectly assuming there is a generic version that applies to all. We identify and respond to 5 main lines of argument made by such critics. We agree that some of these arguments have force against some of the theories in the literature but believe them to be overstated. We argue that the dual-processing distinction is supported by much recent evidence in cognitive science. Our preferred theoretical approach is one in which rapid autonomous processes (Type 1) are assumed to yield default responses unless intervened on by distinctive higher order reasoning processes (Type 2). What defines the difference is that Type 2 processing supports hypothetical thinking and load heavily on working memory.},
author = {Evans, Jonathan and Stanovich, K E},
doi = {10.1177/1745691612460685},
file = {:C$\backslash$:/Users/sanek/Documents/Mendeley Desktop/Perspectives on Psychological Science/2013/Evans, Stanovich - 2013.pdf:pdf},
isbn = {1745-6916$\backslash$n1745-6924},
issn = {1745-6916},
journal = {Perspectives on Psychological Science},
keywords = {Dual process theory,Dual systems,Individual differences,Rationality,Working memory},
number = {3},
pages = {223--241},
pmid = {26172965},
title = {{Dual-process theories of higher cognition: Advancing the debate}},
volume = {8},
year = {2013}
}
@incollection{Kelly1991,
address = {London},
author = {Kelly, G. A.},
booktitle = {The psychology of personal constructs},
publisher = {Routledge},
title = {{A theory of personality}},
volume = {I},
year = {1991}
}
@incollection{Vygotsky1984,
address = {М.},
author = {Выготский, Л. С.},
booktitle = {Собрание сочинений: В 6 т.},
editor = {Ярошевский, М. Г.},
file = {:C$\backslash$:/Users/sanek/Documents/Mendeley Desktop/Собрание сочинений В 6 т/1984/Выготский - 1984.pdf:pdf},
keywords = {psycho},
language = {russian},
mendeley-tags = {psycho},
pages = {91--318},
publisher = {Педагогика},
title = {{Учение об эмоциях. Историко-пихологическое исследование}},
volume = {6},
year = {1984}
}
@book{SternbergR.J.ForsytheG.B.HedlundJ.HorvathJ.SnookS.WilliamsW.M.WagnerR.K.Grigorenko2000,
author = {Sternberg, R. J. and Forsythe, G. B. and Hedlund, J. and Horvath, J. and Snook, S. and Williams, W. M. and Wagner, R. K. and Grigorenko, E. L.},
pages = {304},
publisher = {Cambridge University Press},
title = {{Practical intelligence in everyday life}},
year = {2000}
}
@book{Tikhomirov2002,
address = {М.},
author = {Тихомиров, О. К.},
language = {russian},
pages = {288},
publisher = {Изд-во МГУ},
title = {{Психология мышления}},
year = {2002}
}
@book{Petrenko2009,
address = {М.},
author = {Петренко, В. Ф.},
file = {:C$\backslash$:/Users/sanek/Documents/Mendeley Desktop/Unknown/2009/Петренко - 2009.pdf:pdf},
isbn = {9785948811000},
keywords = {psycho},
language = {russian},
mendeley-tags = {psycho},
pages = {440},
publisher = {Новый хронограф},
title = {{Многомерное сознание: психосемантическая парадигма}},
year = {2009}
}
@book{Friedenberg2006,
author = {Friedenberg, Jay and Silverman, Gordon},
file = {:C$\backslash$:/Users/sanek/Documents/Mendeley Desktop/Unknown/2006/Friedenberg, Silverman - 2006.pdf:pdf},
pages = {560},
publisher = {Sage Publications},
title = {{Cognitive sciencee: an introduction to the study of mind}},
year = {2006}
}
@article{Kuznetcova2015,
abstract = {Статья представляет собой обзор некоторых из имеющихся в специальной литературе представлений о структуре, функциях и разновидностях дефиниции как характерной для научной коммуникации формы выражения знания. Основное внимание уделяется лингвистическим моделям дефиниции, в которых представлено описание конкретных языковых средств выражения дефиниций, а также их типологий, основанных на структурных и содержательных особенностях. На примерах показано, что особую техническую сложность может вызывать идентификация дефиниций с модифицированной структурой, отклоняющейся от классической трехчастной, а также дефиниций, выраженных более чем одним предложением.},
author = {Кузнецова, Ю. М.},
journal = {Искусственный интеллект и принятие решений},
keywords = {15-07-06214,lingvo,автоматическая обработка текста,научная дефиниция,научный текст},
language = {russian},
mendeley-tags = {15-07-06214,lingvo},
number = {3},
pages = {70--82},
title = {{Дефиниции в научном тексте: функции, виды, способы выражения и возможности идентификации}},
year = {2015}
}
@incollection{Stanovich2009,
abstract = {Building upon work which considers the implications dual-process theory for the great rationality debate in cognitive science, this chapter advances that discussion, first by discussing additions and complications to dual-process theory and then by working through the implications of these ideas for our view of human rationality. It argues that System 2 needs to be understood in terms of two levels of processing: the algorithmic and the reflective.},
author = {Stanovich, Keith E},
booktitle = {In two minds: Dual processes and beyond},
doi = {10.1093/acprof:oso/9780199230167.003.0003},
editor = {Evans, Jonathan and Frankish, Keith},
file = {:C$\backslash$:/Users/sanek/Documents/Mendeley Desktop/In two minds Dual processes and beyond/2009/Stanovich - 2009.pdf:pdf},
isbn = {9780199230167},
keywords = {System 2,cognitive science,dual-process theory,human rationality},
pages = {55--88},
publisher = {Oxford University Press},
title = {{Distinguishing the reflective, algorithmic, and autonomous minds: Is it time for a tri-process theory?}},
url = {http://keithstanovich.com/Site/Research{\_}on{\_}Reasoning{\_}files/Stanovich{\_}Two{\_}MInds.pdf},
year = {2009}
}
@book{Neisser1976,
author = {Neisser, Ulric},
isbn = {0716704773},
pages = {230},
publisher = {W. H. Freeman and Company},
title = {{Cognition and Reality: Principles and Implications of Cognitive Psychology}},
year = {1976}
}
@book{Luria2000,
address = {М.},
author = {Лурия, A. Р.},
edition = {3-е изд.},
keywords = {psycho},
language = {russian},
mendeley-tags = {psycho},
pages = {512},
publisher = {Академический проект},
title = {{Высшие корковые функции человека и их нарушения при локальных поражениях мозга}},
year = {2000}
}
@book{Leotiev2010,
abstract = {424},
address = {М.},
author = {Леонтьев, Алексей Николаевич},
file = {:C$\backslash$:/Users/sanek/Documents/Mendeley Desktop/Unknown/2010/Леонтьев - 2010.pdf:pdf},
keywords = {psycho},
language = {russian},
mendeley-tags = {psycho},
pages = {450},
publisher = {Смысл, Academia},
title = {{Лекции по общей психологии}},
year = {2010}
}
@article{Fallis2013,
author = {Петровский, В. А.},
file = {:C$\backslash$:/Users/sanek/Documents/Mendeley Desktop/Московский психотерапевтический журнал/2008/Петровский - 2008.pdf:pdf},
journal = {Московский психотерапевтический журнал},
keywords = {icle},
number = {1},
pages = {64--90},
title = {{Индивидуальность, саморегуляция, гармония}},
year = {2008}
}
@book{Festinger1999,
address = {СПб.},
author = {Фестинег, Л.},
language = {russian},
publisher = {Ювента},
title = {{Теория когнитивного диссонанса}},
year = {1999}
}
@book{Luria2003,
address = {М.},
author = {Лурия, A. Р.},
file = {:C$\backslash$:/Users/sanek/Documents/Mendeley Desktop/Unknown/2003/Лурия - 2003.pdf:pdf},
isbn = {5769510137},
keywords = {psycho},
language = {russian},
mendeley-tags = {psycho},
pages = {384},
publisher = {Издательский центр Академия},
title = {{Основы нейропсихологии}},
year = {2003}
}
@article{Flavell1979,
abstract = {Studies suggest that young children are quite limited in their knowledge about cognitive phenomena—or in their metacognition—and do relatively little monitoring of their own memory, comprehension, and other cognitive enterprises. Metacognitive knowledge is one's stored knowledge or beliefs about oneself and others as cognitive agents, about tasks, about actions or strategies, and about how all these interact to affect the outcomes of any sort of intellectual enterprise. Metacognitive experiences are conscious cognitive or affective experiences that occur during the enterprise and concern any aspect of it—often, how well it is going. Research is needed to describe and explain spontaneous developmental acquisitions in this area and find effective ways of teaching metacognitive knowledge and cognitive monitoring skills. (9 ref) (PsycINFO Database Record (c) 2010 APA, all rights reserved)},
author = {Flavell, J H},
doi = {10.1037/0003-066x.34.10.906},
file = {:C$\backslash$:/Users/sanek/Documents/Mendeley Desktop/American Psychologist/1979/Flavell - 1979.pdf:pdf},
isbn = {0003-066X 1935-990X},
issn = {0003-066X},
journal = {American Psychologist},
keywords = {Awareness,Cognitive Development,Cognitive Processes,metacognition {\&} cognitive monitoring,metacognition {\{}{\&}{\}} cognitive monitoring,young childr},
number = {10},
pages = {906--911},
pmid = {16950075},
title = {{Metacognition and cognitive monitoring: A new area of cognitive–developmental inquiry}},
url = {http://search.ebscohost.com/login.aspx?direct=true{\{}{\&}{\}}db=pdh{\{}{\&}{\}}AN=amp-34-10-906{\{}{\&}{\}}site=ehost-live$\backslash$nhttp://psycnet.apa.org/journals/amp/34/10/906/$\backslash$nhttp://search.ebscohost.com/login.aspx?direct=true{\&}db=pdh{\&}AN=amp-34-10-906{\&}site=ehost-live},
volume = {34},
year = {1979}
}
@book{Leontyev2009,
abstract = {this is a compendium of most of Leontyev's work.},
address = {Kettering},
author = {Leontyev, A. N.},
file = {:C$\backslash$:/Users/sanek/Documents/Mendeley Desktop/Unknown/2009/Leontyev - 2009.pdf:pdf},
isbn = {9780980542868},
keywords = {psycho},
mendeley-tags = {psycho},
pages = {428},
publisher = {Erythros Press and Media},
title = {{The Development of Mind}},
url = {http://marxists.org/archive/leontev/works/development-mind.pdf},
year = {2009}
}
@book{Velichkovsky2006b,
address = {М.},
author = {Величковский, Б. М.},
file = {:C$\backslash$:/Users/sanek/Documents/Mendeley Desktop/Unknown/2006/Величковский - 2006(2).pdf:pdf},
isbn = {5893572173},
keywords = {psycho},
language = {russian},
mendeley-tags = {psycho},
pages = {432},
publisher = {Смысл},
title = {{Когнитивная наука: Основы психологии познания: в 2 т.}},
volume = {2},
year = {2006}
}
@article{Chudova2014,
author = {Чудова, Н. В.},
file = {:C$\backslash$:/Users/sanek/Documents/Mendeley Desktop/Искусственный интеллект и принятие решений/2014/Чудова - 2014.pdf:pdf},
journal = {Искусственный интеллект и принятие решений},
keywords = {12-07-00611,psycho},
language = {russian},
mendeley-tags = {12-07-00611,psycho},
number = {3},
pages = {40--45},
title = {{Переработка опыта как функция Образа мира}},
year = {2014}
}
@book{Luria1979,
address = {М.},
author = {Лурия, A. Р.},
file = {:C$\backslash$:/Users/sanek/Documents/Mendeley Desktop/Unknown/1979/Лурия - 1979.pdf:pdf},
isbn = {0304000000},
keywords = {psycho},
language = {russian},
mendeley-tags = {psycho},
pages = {320},
publisher = {Издательство Московского университета},
title = {{Язык и сознание}},
year = {1979}
}
@article{Kuznetcova2016,
abstract = {В работе обсуждается специфика функционирования концепта «картина мира» в различных сферах научного дискурса. Выделены три основных аспекта его содержания, актуализация которых является предметоспецифичной: организация знаний, полученных на основании определенной научной парадигмы; структура, образованная определенными разновидностями объектов; зафиксированный опыт, опосредующий дальнейшее взаимодействие с реальностью. Характерный для методологического и естественнонаучного дискурса подход к картине мира как к результату рефлексии познавательной деятельности может быть в целом противопоставлен гуманитарному, где картина мира выступает в качестве предмета познания.},
author = {Кузнецова, Ю. М.},
file = {:C$\backslash$:/Users/sanek/Documents/Mendeley Desktop/Искусственный интеллект и принятие решений/2016/Кузнецова - 2016.pdf:pdf},
journal = {Искусственный интеллект и принятие решений},
keywords = {15-07-06214,lingvo,psycho,гуманитарное знание,естественные науки,картина мира,научный дискурс},
language = {russian},
mendeley-tags = {15-07-06214,lingvo,psycho},
number = {1},
pages = {(В печати)},
title = {{Концепт "Картина мира" в современном русскоязычном научном дискурсе}},
year = {2016}
}
@book{Tikhomirov1988,
address = {M.},
author = {Tikhomirov, O. K.},
keywords = {psycho},
mendeley-tags = {psycho},
pages = {272},
publisher = {Progress},
title = {{Psychology of thinking}},
year = {1988}
}
@article{Vul2014,
abstract = {In many learning or inference tasks human behavior approximates that of a Bayesian ideal observer, suggesting that, at some level, cognition can be described as Bayesian inference. However, a number of findings have highlighted an intriguing mismatch between human behavior and standard assumptions about optimality: People often appear to make decisions based on just one or a few samples from the appropriate posterior probability distribution, rather than using the full distribution. Although sampling-based approximations are a common way to implement Bayesian inference, the very limited numbers of samples often used by humans seem insufficient to approximate the required probability distributions very accurately. Here, we consider this discrepancy in the broader framework of statistical decision theory, and ask: If people are making decisions based on samples--but as samples are costly--how many samples should people use to optimize their total expected or worst-case reward over a large number of decisions? We find that under reasonable assumptions about the time costs of sampling, making many quick but locally suboptimal decisions based on very few samples may be the globally optimal strategy over long periods. These results help to reconcile a large body of work showing sampling-based or probability matching behavior with the hypothesis that human cognition can be understood in Bayesian terms, and they suggest promising future directions for studies of resource-constrained cognition.},
author = {Vul, Edward and Goodman, Noah and Griffiths, Thomas L. and Tenenbaum, Joshua B.},
doi = {10.1111/cogs.12101},
file = {:C$\backslash$:/Users/sanek/Documents/Mendeley Desktop/Cognitive Science/2014/Vul et al. - 2014.pdf:pdf},
isbn = {1551-6709},
issn = {03640213},
journal = {Cognitive Science},
keywords = {Bayesian,Bounded rationality,Computational,Inference,Sampling},
number = {4},
pages = {599--637},
pmid = {24467492},
title = {{One and done? Optimal decisions from very few samples}},
volume = {38},
year = {2014}
}
@book{Homskaya2015,
address = {СПб.},
author = {Хомская, Е. Д.},
edition = {4-е изд.},
language = {russian},
pages = {496},
publisher = {Питер},
title = {{Нейропсихология: Учебник для вузов}},
year = {2015}
}
@unpublished{Velichkovsky2015,
author = {Величковский, Б. М.},
file = {:C$\backslash$:/Users/sanek/Documents/Mendeley Desktop/Unknown/2015/Величковский - 2015.pdf:pdf},
keywords = {psycho},
language = {russian},
mendeley-tags = {psycho},
pages = {1--11},
title = {{Что такое « сознание »?}},
year = {2015}
}
@book{Kahneman2011,
address = {New York},
author = {Kahneman, Daniel},
file = {:C$\backslash$:/Users/sanek/Documents/Mendeley Desktop/Unknown/2011/Kahneman - 2011.pdf:pdf},
isbn = {978-0141033570},
pages = {443},
publisher = {Penguin},
title = {{Thinking Fast and Slow}},
year = {2011}
}
@book{Vygotsky1999,
address = {М.},
author = {Выготский, Л. С.},
edition = {Изд. 5-е, },
file = {:C$\backslash$:/Users/sanek/Documents/Mendeley Desktop/Unknown/1999/Выготский - 1999.doc:doc},
pages = {352},
publisher = {Издательство "Лабиринт"},
title = {{Мышление и речь}},
year = {1999}
}
@article{Igira2009,
abstract = {AbsTRAcT This chapter reviews the origins, approaches and roles associated with the use of cultural historical activity theory (CHAT) in information systems (IS) research. The literature is reviewed and examples are discussed from IS and related fields of human-computer interaction (HCI), computer supported co-operative work (CSCW) and computer supported collaborative learning (CSCL), to illustrate the power of CHAT in IS research as well as its link to appropriate research methods. After explicating the value of its use, the chapter concludes by discussing theoretical and methodological implications of applications of CHAT in examining real-world problems in IS research.},
author = {Igira, Faraja Teddy and Gregory, Judith},
doi = {10.4018/978-1-60566-659-4.ch025},
file = {:C$\backslash$:/Users/sanek/Documents/Mendeley Desktop/Handbook of research on contemporary theoretical models in information systems/2009/Igira, Gregory - 2009.pdf:pdf},
isbn = {9781605666594},
journal = {Handbook of research on contemporary theoretical models in information systems},
pages = {434--454},
title = {{Cultural Historical Activity Theory}},
year = {2009}
}
@book{Machery2011,
address = {Oxford},
author = {Machery, Edouard},
isbn = {0199837562},
pages = {296},
publisher = {Oxford University Press},
title = {{Doing without Concepts}},
year = {2011}
}
@article{Chudova2015,
author = {Чудова, Н. В.},
file = {:C$\backslash$:/Users/sanek/Documents/Mendeley Desktop/Труды Института Системного Анализа РАН/2015/Чудова - 2015.pdf:pdf;:C$\backslash$:/Users/sanek/Documents/Mendeley Desktop/Труды Института Системного Анализа РАН/2015/Чудова - 2015(2).pdf:pdf},
journal = {Труды Института Системного Анализа РАН},
keywords = {12-07-00611,13-06-00658,psycho},
language = {russian},
mendeley-tags = {12-07-00611,13-06-00658,psycho},
number = {1},
title = {{Агрессивность и конструктивное мышление}},
volume = {65},
year = {2015}
}
@incollection{Gippenreiter1998a,
address = {М.},
author = {Гиппенрейтер, Ю. Б.},
booktitle = {Введение в общую психологию. Курс лекций},
file = {:C$\backslash$:/Users/sanek/Documents/Mendeley Desktop/Введение в общую психологию. Курс лекций/1998/Гиппенрейтер - 1998.pdf:pdf},
keywords = {psycho},
language = {russian},
mendeley-tags = {psycho},
title = {{Психологическая теория деятельности. [Операциональная сторона деятельности]}},
year = {1998}
}
@incollection{Leontiev1983,
address = {М.},
author = {Леонтьев, А. Н.},
booktitle = {Избранные психологические произведения},
language = {russian},
pages = {251--261},
publisher = {Педагогика},
title = {{Образ мира}},
year = {1983}
}
@incollection{Maslov1979,
author = {Маслов, С. Ю.},
booktitle = {Семиотика и информатика},
file = {:C$\backslash$:/Users/sanek/Documents/Mendeley Desktop/Семиотика и информатика/1979/Маслов - 1979.pdf:pdf},
keywords = {psycho},
language = {russian},
mendeley-tags = {psycho},
pages = {17--46},
title = {{Теория поиска вывода и вопросы психологии творчества}},
volume = {13},
year = {1979}
}
@book{Khomskaya2005,
address = {СПб.},
edition = {3-е изд.},
editor = {Хомская, Е. Д.},
file = {:C$\backslash$:/Users/sanek/Documents/Mendeley Desktop/Unknown/2011/Unknown - 2011.pdf:pdf},
isbn = {5469006204},
language = {russian},
pages = {992},
publisher = {Питер},
title = {{Нейропсихология: Хрестоматия}},
year = {2011}
}
@article{Chuvgunova2015,
abstract = {Целью данной статьи является обобщение и сопоставление результатов психологических исследований феномена планирования, а также анализ методов изучения планирования в психологии. В статье осуществлен аналитический обзор исследований феномена планирования в когнитивной психологии, нейропсихологии, теории деятельности.},
author = {Чувгунова, О. А.},
file = {:C$\backslash$:/Users/sanek/Documents/Mendeley Desktop/Психологические исследования/2015/Чувгунова - 2015.pdf:pdf},
journal = {Психологические исследования},
keywords = {деятельность,исполнительные функции,когнитивная психология,нейропсихология,планирование},
number = {43},
pages = {11},
title = {{Планирование как предмет психологического исследования}},
url = {http://psystudy.ru/index.php/num/2015v8n43/1191-chuvgunova43.html ?},
volume = {8},
year = {2015}
}
