Automatically generated by Mendeley Desktop 1.17.6
Any changes to this file will be lost if it is regenerated by Mendeley.

BibTeX export options can be customized via Options -> BibTeX in Mendeley Desktop

@misc{Presentation2016d,
author = {Панов, А. И.},
file = {:C$\backslash$:/Users/sanek/Documents/Mendeley Desktop/Unknown/2016/Панов - 2016(2).pdf:pdf},
pages = {30},
title = {{Теория сознания Тонони}},
year = {2016}
}
@misc{Presentation2016c,
author = {Panov, Aleksandr I.},
file = {:C$\backslash$:/Users/sanek/Documents/Mendeley Desktop/Unknown/2016/Panov - 2016.pdf:pdf},
pages = {53},
title = {{Biologically and psychologically inspired modelling in BICA}},
year = {2016}
}
@misc{Presentation2016b,
author = {Панов, А. И.},
file = {:C$\backslash$:/Users/sanek/Documents/Mendeley Desktop/Unknown/2016/Панов - 2016(3).pdf:pdf},
pages = {23},
title = {{Теория когнитома Анохина}},
year = {2016}
}
@misc{Presentation2016b,
author = {Панов, А. И.},
file = {:C$\backslash$:/Users/sanek/Documents/Mendeley Desktop/Unknown/2016/Панов - 2016.pdf:pdf},
pages = {19},
title = {{Биологически и психологически правдоподобные методы моделирования в искусственном интеллекте}},
year = {2016}
}
