Automatically generated by Mendeley Desktop 1.17.13
Any changes to this file will be lost if it is regenerated by Mendeley.

BibTeX export options can be customized via Options -> BibTeX in Mendeley Desktop

@incollection{Kawato2009,
author = {Kawato, M.},
booktitle = {Encyclopedia of Neuroscience},
file = {:C$\backslash$:/Users/sanek/Documents/Mendeley Desktop/Kawato/2009/Cerebellum Models.pdf:pdf},
pages = {757--767},
title = {{Cerebellum: Models}},
volume = {2},
year = {2009}
}
