Automatically generated by Mendeley Desktop 1.17.6
Any changes to this file will be lost if it is regenerated by Mendeley.

BibTeX export options can be customized via Options -> BibTeX in Mendeley Desktop

@article{Osipov1999,
author = {Осипов, Г. С. and Поспелов, Д. А.},
file = {:C$\backslash$:/Users/sanek/Documents/Mendeley Desktop/Новости искусственного интеллекта/1999/Осипов, Поспелов - 1999.pdf:pdf},
journal = {Новости искусственного интеллекта},
keywords = {osipov},
language = {russian},
mendeley-tags = {osipov},
number = {1},
pages = {9--35},
title = {{Прикладная семиотика}},
year = {1999}
}
@article{Erlich1997,
author = {Эрлих, А. И.},
file = {:C$\backslash$:/Users/sanek/Documents/Mendeley Desktop/Программные продукты и системы/1997/Эрлих - 1997.pdf:pdf},
journal = {Программные продукты и системы},
language = {russian},
number = {3},
title = {{Прикладная семиотика и управление сложными объектами}},
year = {1997}
}
@inproceedings{Osipov2015a,
abstract = {Рассматривается модель картины мира субъекта деятельности. Модель опирается на понятие знака (Пирс, Фреге, Поспелов), достаточно широко используемое в психологии, в частности, в культурно-исторической теории Л.С. Выготского. Показывается, что предложенная модель коррелирует с идеей повторного входа возбуждения в проекционную кору как основы психических функций, высказанной в работах А.М. Иваницкого (Иваницкий, 1976), Эдельмана (Эдельман, 1981), Дж. Десмедта и К.Томберга (1995), Дж. Грея (1995) и других. Для этого уточняется понятие знака, рассматриваются процедуры формирования знаков и самоорганизации на множестве знаков.},
author = {Осипов, Г. С.},
booktitle = {Нейронауки и благополучие общества: технологические, экономические, биомедицинские и гуманитарные аспекты: Сборник материалов конференции},
file = {:C$\backslash$:/Users/sanek/Documents/Mendeley Desktop/Нейронауки и благополучие общества технологические, экономические, биомедицинские и гуманитарные аспекты Сборник материалов конференции/2015/Осипов - 2015.pdf:pdf},
keywords = {15-07-06214,osipov},
language = {russian},
mendeley-tags = {15-07-06214,osipov},
pages = {103},
publisher = {РИЦ МГГУ им. М.А. Шолохова},
title = {{Знаковая модель картины мира и её нейрофизиологические основания}},
year = {2015}
}
@article{Pospelov1996,
author = {Поспелов, Д. А.},
file = {:C$\backslash$:/Users/sanek/Documents/Mendeley Desktop/Программные продукты и системы/1996/Поспелов - 1996.pdf:pdf},
journal = {Программные продукты и системы},
language = {russian},
number = {3},
pages = {10--13},
title = {{Прикладная семиотика и искусственный интеллект}},
year = {1996}
}
@inproceedings{Osipov1997b,
address = {Bratislava},
author = {Pospelov, D. A. and Osipov, G. S.},
booktitle = {Proceedings of the Second Workshop on Applied Semiotics, Seventh International Conference on Artificial Intelligence and Information-Control Systems of Robots (AIICSR'97)},
keywords = {osipov},
mendeley-tags = {osipov},
pages = {1--12},
title = {{Knowledge in semiotic models}},
year = {1997}
}
@inproceedings{Osipov2012,
address = {Калининград},
author = {Осипов, Г. С.},
booktitle = {Пятая международная конференция по когнитивной науке: Тезисы докладов: Калининград, 18-24 июня 2012 г.},
file = {:C$\backslash$:/Users/sanek/Documents/Mendeley Desktop/Пятая международная конференция по когнитивной науке Тезисы докладов Калининград, 18-24 июня 2012 г/2012/Осипов - 2012.pdf:pdf},
keywords = {osipov},
language = {russian},
mendeley-tags = {osipov},
pages = {812--813},
publisher = {Межрегиональная ассоциация когнитивных исследований (МАКИ)},
title = {{Поведение, управляемое картиной мира}},
year = {2012}
}
@inproceedings{Osipov2016a,
abstract = {In this paper a sign-based or semiotic formalism is considered. Neurophysio-logical and psychological researches indicate sign-based structures, which are the basic elements of the world model of a human subject. These elements are formed during his/her activity and communication. In this formalism it was possible to formulate and solve the problem of goal-setting, i.e. generating the goal of behavior.},
author = {Osipov, G. S.},
booktitle = {2016 IEEE 8th International Conference on Intelligent Systems (IS)},
doi = {10.1109/IS.2016.7737445},
editor = {Yager, Ronald and Sgurev, Vassil and Hadjiski, Mincho and Jotsov, Vladimir},
file = {:C$\backslash$:/Users/sanek/Documents/Mendeley Desktop/2016 IEEE 8th International Conference on Intelligent Systems (IS)/2016/Osipov - 2016.docx:docx;:C$\backslash$:/Users/sanek/Documents/Mendeley Desktop/2016 IEEE 8th International Conference on Intelligent Systems (IS)/2016/Osipov - 2016.pdf:pdf},
isbn = {978-1-5090-1354-8},
keywords = {15-07-06214,osipov,scopus},
mendeley-tags = {15-07-06214,osipov,scopus},
month = {sep},
pages = {22--26},
publisher = {IEEE},
title = {{Sign-based representation and word model of actor}},
url = {http://ieeexplore.ieee.org/abstract/document/7737445/},
year = {2016}
}
@inproceedings{Osipov1997a,
address = {Bratislava},
author = {Osipov, G. S.},
booktitle = {Proceedings of the Second Workshop on Applied Semiotics, Seventh International Conference on Artificial Intelligence and Information-Control Systems of Robots (AIICSR'97)},
keywords = {osipov},
mendeley-tags = {osipov},
pages = {27--34},
title = {{Applied Semiotics and Intelligent Control}},
year = {1997}
}
@book{Pospelov1986,
address = {М.},
author = {Поспелов, Д. А.},
language = {russian},
pages = {288},
publisher = {Наука},
title = {{Ситуационное управление: теория и практика}},
year = {1986}
}
@article{Chudova2012b,
author = {Чудова, Н. В.},
file = {:C$\backslash$:/Users/sanek/Documents/Mendeley Desktop/Искусственный интеллект и принятие решений/2012/Чудова - 2012.pdf:pdf},
journal = {Искусственный интеллект и принятие решений},
keywords = {12-07-00611,psycho},
language = {russian},
mendeley-tags = {12-07-00611,psycho},
number = {2},
pages = {51--62},
title = {{Концептуальная модель картины мира для задачи моделирования поведения, основанного на сознании}},
year = {2012}
}
@inproceedings{Osipov2000a,
address = {Berlin},
author = {Osipov, G. S.},
booktitle = {Proceedings of the Workshop ``Applied Semiotics: Control Problems (ASC 2000)''. 14th European Conference of Artificial Intelligence (ECAI2000)},
keywords = {osipov},
mendeley-tags = {osipov},
pages = {1--4},
publisher = {IOS Press},
title = {{Origines of Applied Semiotics}},
year = {2000}
}
@book{Xu2016,
editor = {Xu, Kevin S. and Reitter, David and Lee, Dongwon and Osgood, Nathaniel},
file = {:C$\backslash$:/Users/sanek/Documents/Mendeley Desktop/Unknown/2016/Unknown - 2016.pdf:pdf},
isbn = {9783319399300},
pages = {422},
publisher = {Springer International Publishing},
title = {{Social, Cultural, and Behavioral Modeling}},
year = {2016}
}
@inproceedings{Karpov2015a,
author = {Карпов, В. Э.},
booktitle = {Интегрированные модели и мягкие вычисления в искусственном интеллекте. Сб. научных трудов VIII-й Международной научно-технической конференции (Коломна, 18-20 мая 2015 г.). В 2-х томах},
file = {:C$\backslash$:/Users/sanek/Documents/Mendeley Desktop/Интегрированные модели и мягкие вычисления в искусственном интеллекте. Сб. научных трудов VIII-й Международной научно-техническ. В 2-х томах/2015/Карпов - 2015.pdf:pdf},
pages = {504--514},
publisher = {Физматлит},
title = {{Знак-ориентированный механизм локального взаимодействия между роботами}},
volume = {2},
year = {2015}
}
@inproceedings{Osipov2016c,
author = {Осипов, Г. С.},
booktitle = {Гибридные и синергетические интеллектуальные системы: Материалы III Всероссийской Поспеловской конференции с международным участием},
editor = {Колесников, А. В.},
file = {:C$\backslash$:/Users/sanek/Documents/Mendeley Desktop/Гибридные и синергетические интеллектуальные системы Материалы III Всероссийской Поспеловской конференции с международным участием/2016/Осипов - 2016.pdf:pdf},
keywords = {15-07-06214,osipov},
language = {russian},
mendeley-tags = {15-07-06214,osipov},
pages = {56--69},
publisher = {Издательство БФУ им. Иммануила Канта},
title = {{Знаковые модели как альтернатива символьным}},
year = {2016}
}
@article{Osipov2002c,
author = {Осипов, Г. С.},
file = {:C$\backslash$:/Users/sanek/Documents/Mendeley Desktop/Новости искусственного интеллекта/2002/Осипов - 2002.pdf:pdf},
journal = {Новости искусственного интеллекта},
keywords = {osipov},
language = {russian},
mendeley-tags = {osipov},
number = {6},
pages = {3--7},
title = {{От ситуационного управления к прикладной семиотике}},
year = {2002}
}
@inproceedings{Osipov2015b,
abstract = {Уточняется понятие знака, достаточно широко используемое в психологии, в частности, в культурно-исторической теории Л. С. Выготского, где знак понимается неформальным образом. Рассмотрены процедуры формирования знаков и самоорганизация на множестве знаков. Результатом самоорганизации является новый способ описания картины мира субъекта деятельности. На основе предложенной картины мира строятся модели некоторых функций сознания.},
address = {Челябинск},
author = {Осипов, Г. С.},
booktitle = {Информационные технологии и системы: Труды Четвертой международной научной конференции},
editor = {Попков, Ю. С. and Мельников, А. В.},
file = {:C$\backslash$:/Users/sanek/Documents/Mendeley Desktop/Информационные технологии и системы Труды Четвертой международной научной конференции/2015/Осипов - 2015.pdf:pdf},
keywords = {15-07-06214,osipov},
language = {russian},
mendeley-tags = {15-07-06214,osipov},
pages = {94--100},
publisher = {Изд-во Челяб. гос. ун–та},
title = {{Когнитивное метамоделирование}},
year = {2015}
}
@incollection{Osipov2015c,
abstract = {In this paper a sign-based or semiotic formalism is considered. The concept of sign arose in the framework of semiotics. Neurophysiological and psychological researches indicate sign-based structures, which are the basic elements of the world model of a human subject. These elements are formed during his/her activity and communication. In this formalism it was possible to formulate and solve the problem of goal-setting, i.e. generating the goal of behavior.},
author = {Osipov, Gennady S.},
booktitle = {Advances in Artificial Intelligence and Soft Computing},
doi = {10.1007/978-3-319-27060-9_1},
editor = {Sidorov, Grigori and Galicia-Haro, Sof{\'{i}}a N.},
file = {:C$\backslash$:/Users/sanek/Documents/Mendeley Desktop/Advances in Artificial Intelligence and Soft Computing/2015/Osipov - 2015(2).pdf:pdf},
isbn = {978-3-319-27059-3},
keywords = {15-07-06214,image,meaning,osipov,relationship on the set of signs,sign,significance,the synthesis of behavior},
mendeley-tags = {15-07-06214,osipov},
pages = {3--11},
publisher = {Springer International Publishing},
series = {Lecture Notes in Computer Science},
title = {{Signs-Based vs. Symbolic Models}},
url = {http://link.springer.com/10.1007/978-3-319-27060-9{\_}1},
year = {2015}
}
@inproceedings{Chudova2012c,
author = {Чудова, Н. В.},
booktitle = {Пятая международная конференция по когнитивной науке: Тезисы докладов: Калининград, 18-24 июня 2012 г.},
file = {:C$\backslash$:/Users/sanek/Documents/Mendeley Desktop/Пятая международная конференция по когнитивной науке Тезисы докладов Калининград, 18-24 июня 2012 г/2012/Чудова - 2012.pdf:pdf},
language = {russian},
pages = {815--816},
title = {{К вопросу об операционализации понятия ``картина мира''}},
year = {2012}
}
@article{Osipov2002d,
author = {Осипов, Г. С. and Поспелов, Д. А.},
journal = {Новости искусственного интеллекта},
keywords = {osipov},
language = {russian},
mendeley-tags = {osipov},
number = {6},
pages = {28--35},
title = {{Введение в прикладную семиотику. Глава 5. Операции в семиотических базах знаний.}},
year = {2002}
}
@article{Popova2005,
author = {Попова, З. Д.},
file = {:C$\backslash$:/Users/sanek/Documents/Mendeley Desktop/Вестник ВГУ/2005/Попова - 2005.pdf:pdf},
journal = {Вестник ВГУ},
language = {russian},
number = {2},
pages = {208--216},
title = {{Знаковая ситуация в лингвосемиотике}},
year = {2005}
}
@article{Lieto2016,
abstract = {We overview the main historical and technological elements characterising the rise, the fall and the recent renaissance of the cognitive approaches to Artificial Intelligence and provide some insights and suggestions about the future directions and challenges that, in our opinion, this discipline needs to face in the next years.},
author = {Lieto, Antonio and Radicioni, Daniele P.},
doi = {10.1016/j.cogsys.2016.02.002},
file = {:C$\backslash$:/Users/sanek/Documents/Mendeley Desktop/Cognitive Systems Research/2016/Lieto, Radicioni - 2016.pdf:pdf},
issn = {13890417},
journal = {Cognitive Systems Research},
keywords = {Artificial intelligence,Cognitive systems,Computational models of cognition,Epistemology of the artificial},
pages = {1--3},
publisher = {Elsevier B.V.},
title = {{From human to artificial cognition and back: New perspectives on cognitively inspired AI systems}},
url = {http://dx.doi.org/10.1016/j.cogsys.2016.02.002},
volume = {39},
year = {2016}
}
@inproceedings{Kulinich2016,
address = {М.},
author = {Кулинич, А. А.},
booktitle = {Инжиниринг предприятий и управление знаниями (ИП{\&}УЗ-2016) : сборник научных трудов XIX научно-практической конференции. 26– 27 апреля 2016 г.},
editor = {Тельнова, Ю. Ф.},
file = {:C$\backslash$:/Users/sanek/Documents/Mendeley Desktop/Инжиниринг предприятий и управление знаниями (ИП{\&}УЗ-2016) сборник научных трудов XIX научно-практической конференции. 26– 27 апреля 2016 г/2016/Кулинич - 2016.pdf:pdf},
language = {russian},
pages = {42--48},
publisher = {ФГБОУ ВО {\textless}{\textless}РЭУ им. Г. В. Плеханова{\textgreater}{\textgreater}},
title = {{Ситуационный, когнитивный и семиотический подходы к моделированию организаций}},
year = {2016}
}
@inproceedings{Osipov1995,
address = {Columbus},
author = {Osipov, G. S.},
booktitle = {Proceedings of Workshop on Russian Situation Control and Cybernetic/Semiotic Modeling},
keywords = {osipov},
mendeley-tags = {osipov},
pages = {51--72},
publisher = {Battelle},
title = {{Semiotic Modeling: An Overview}},
year = {1995}
}
@article{Pospelov1976,
author = {Поспелов, Д. А.},
journal = {Кибернетика},
language = {russian},
number = {6},
pages = {114--123},
title = {{Семиотические модели: успехи и перспективы}},
year = {1976}
}
