Automatically generated by Mendeley Desktop 1.17.10
Any changes to this file will be lost if it is regenerated by Mendeley.

BibTeX export options can be customized via Options -> BibTeX in Mendeley Desktop

@article{Ghavamzadeh2015,
author = {Ghavamzadeh, Mohammed and Mannor, Shie and Pineau, Joelle and Tamar, Aviv},
doi = {10.1561/2200000049},
file = {:C$\backslash$:/Users/sanek/Documents/Mendeley Desktop/Foundations and Trends in Machine Learning/2015/Ghavamzadeh et al. - 2015.pdf:pdf},
isbn = {2200000049},
issn = {1935-8237},
journal = {Foundations and Trends in Machine Learning},
number = {5-6},
pages = {359--483},
title = {{Bayesian Reinforcement Learning: A Survey}},
url = {http://www.nowpublishers.com/article/Details/MAL-049},
volume = {8},
year = {2015}
}
