Automatically generated by Mendeley Desktop 1.17.10
Any changes to this file will be lost if it is regenerated by Mendeley.

BibTeX export options can be customized via Options -> BibTeX in Mendeley Desktop

@article{Jakubuv2015,
abstract = {Multiagent planning is a coordination technique used for deliberative acting of a team of agents. One of vital planning techniques uses declarative description of agents' plans based on Finite State Machines and their later coordination by intersection of such machines with successive verification of the resulting joint plans. In this work, we firstly propose to use projections of agents' actions directly for multiagent planning based on iterative building of a coordinated multiagent plan. Secondly, we describe integration of the static analysis provided by process calculi type systems for approximate verification of exchanged local plans. Finally, we compare our approach with current state-of-the-art planner on an extensive benchmark set.},
author = {Jakubův, Jan and To{\v{z}}i{\v{c}}ka, Jan and Komenda, Anton{\'{i}}n},
doi = {10.5220/0005222101730182},
file = {::},
isbn = {978-989-758-073-4},
journal = {Proceedings of 7th ICAART},
pages = {173--182},
title = {{Multiagent Planning by Plan Set Intersection and Plan Verification}},
url = {http://www.scitepress.org/DigitalLibrary/Link.aspx?doi=10.5220/0005222101730182},
year = {2015}
}
@inproceedings{Makarov2016,
abstract = {Работа посвящена архитектуре системы управления сложными техническими объектами, рассматриваемыми как интеллектуальные агенты. В качестве таких объектов взяты малые беспилотные летательные аппараты (БПЛА) мультикоптерного типа. Архитектура состоит из трех уровней: стратегического, тактического и реактивного. Её применение позволит автоматизировать управление как отдельными БПЛА, так и их коалициями БПЛА при решении широкого круга задач.},
address = {Смоленск},
author = {Макаров, Д. А. and Панов, А. И. and Яковлев, К. С.},
booktitle = {Пятнадцатая национальная конференция по искусственному интеллекту с международным участием КИИ-2016 (3-7 октября 2016г., г.Смоленск, Россия): Труды конференции},
file = {:C$\backslash$:/Users/sanek/Documents/Mendeley Desktop/Пятнадцатая национальная конференция по искусственному интеллекту с международным участием КИИ-2016 (3-7.Смоленск, Россия) Труды конференции/2016/Макаров, Панов, Яковлев - 2016(2).doc:doc;:C$\backslash$:/Users/sanek/Documents/Mendeley Desktop/Пятнадцатая национальная конференция по искусственному интеллекту с международным участием КИИ-2016 (3-7.Смоленск, Россия) Труды конференции/2016/Макаров, Панов, Яковлев - 2016.pdf:pdf;:C$\backslash$:/Users/sanek/Documents/Mendeley Desktop/Пятнадцатая национальная конференция по искусственному интеллекту с международным участием КИИ-2016 (3-7.Смоленск, Россия) Труды конференции/2016/Макаров, Панов, Яковлев - 2016(2).pdf:pdf},
isbn = {978-5-91412-316-8},
keywords = {14-11-00692,elibrary,myconf,беспилотные летательные аппараты,знаковая картина мира,интеллектуальная система управления,многоуровневая архитектура,нелинейное управление,планирование поведения,планирование траектории,уравнение Риккати},
language = {russian},
mendeley-tags = {14-11-00692,elibrary,myconf},
pages = {179--188},
publisher = {Универсум},
title = {{STRL: многоуровневая система управления интеллектуальными агентами}},
volume = {1},
year = {2016}
}
@article{Panov2015g,
abstract = {Рассматриваются особенности представления пространственных и временных знаний для планирования согласованного перемещения коалиции интеллектуальных агентов. В качестве примера подобной задачи рассмотрен перелет группы беспилотных летательных аппаратов в заданную область на местности с препятствиями. Рассматривается знаковый подход к описанию знаний агента, основанный на психологической теории деятельности и биологически правдоподобной иерархической модели распознавания. Особое внимание уделено описанию действий и процессам обучения на основе поступающей первичной информации.},
author = {Панов, А. И.},
file = {:C$\backslash$:/Users/sanek/Documents/Mendeley Desktop/Робототехника и техническая кибернетика/2015/Панов - 2015.docx:docx;:C$\backslash$:/Users/sanek/Documents/Mendeley Desktop/Робототехника и техническая кибернетика/2015/Панов - 2015.pdf:pdf},
journal = {Робототехника и техническая кибернетика},
keywords = {14-07-31194,elibrary,mypub,группа БПЛА,знак,иерархия автоматов,когнитивные процессы,представление знаний},
language = {russian},
mendeley-tags = {14-07-31194,elibrary,mypub},
number = {4(9)},
pages = {34--40},
title = {{Представление знаний автономных агентов, планирующих согласованные перемещения}},
year = {2015}
}
@article{Garrett2015,
abstract = {In this paper we address planning problems in high-dimensional hybrid configuration spaces, with a particular focus on manipulation planning problems involving many objects. We present the hybrid backward-forward (HBF) planning algorithm that uses a backward identification of constraints to direct the sampling of the infinite action space in a forward search from the initial state towards a goal configuration. The resulting planner is probabilistically complete and can effectively construct long manipulation plans requiring both prehensile and nonprehensile actions in cluttered environments.},
author = {Garrett, Caelan Reed and Lozano-P{\'{e}}rez, Tom{\'{a}}s and Kaelbling, Leslie Pack},
doi = {10.1109/IROS.2015.7354287},
file = {:C$\backslash$:/Users/sanek/Documents/Mendeley Desktop/IEEE International Conference on Intelligent Robots and Systems/2015/Garrett, Lozano-P{\'{e}}rez, Kaelbling - 2015.pdf:pdf},
isbn = {9781479999941},
issn = {21530866},
journal = {IEEE International Conference on Intelligent Robots and Systems},
keywords = {Heuristic algorithms,Intelligent robots,Ovens,Planning,Probabilistic logic,Search problems},
number = {grant 1420927},
pages = {6366--6373},
title = {{Backward-forward search for manipulation planning}},
volume = {2015-Decem},
year = {2015}
}
@article{Botvinick2009a,
abstract = {Research on human and animal behavior has long emphasized its hierarchical structure-the divisibility of ongoing behavior into discrete tasks, which are comprised of subtask sequences, which in turn are built of simple actions. The hierarchical structure of behavior has also been of enduring interest within neuroscience, where it has been widely considered to reflect prefrontal cortical functions. In this paper, we reexamine behavioral hierarchy and its neural substrates from the point of view of recent developments in computational reinforcement learning. Specifically, we consider a set of approaches known collectively as hierarchical reinforcement learning, which extend the reinforcement learning paradigm by allowing the learning agent to aggregate actions into reusable subroutines or skills. A close look at the components of hierarchical reinforcement learning suggests how they might map onto neural structures, in particular regions within the dorsolateral and orbital prefrontal cortex. It also suggests specific ways in which hierarchical reinforcement learning might provide a complement to existing psychological models of hierarchically structured behavior. A particularly important question that hierarchical reinforcement learning brings to the fore is that of how learning identifies new action routines that are likely to provide useful building blocks in solving a wide range of future problems. Here and at many other points, hierarchical reinforcement learning offers an appealing framework for investigating the computational and neural underpinnings of hierarchically structured behavior.},
author = {Botvinick, Matthew M. and Niv, Yael and Barto, Andrew C.},
doi = {10.1016/j.cognition.2008.08.011},
file = {:C$\backslash$:/Users/sanek/Documents/Mendeley Desktop/Cognition/2009/Botvinick, Niv, Barto - 2009.pdf:pdf},
issn = {1873-7838},
journal = {Cognition},
keywords = {Animals,Humans,Models,Nerve Net,Nerve Net: physiology,Prefrontal Cortex,Prefrontal Cortex: physiology,Problem Solving,Problem Solving: physiology,Psychological,Reinforcement (Psychology)},
number = {3},
pages = {262--80},
pmid = {18926527},
title = {{Hierarchically organized behavior and its neural foundations: a reinforcement learning perspective}},
url = {http://www.pubmedcentral.nih.gov/articlerender.fcgi?artid=2783353{\&}tool=pmcentrez{\&}rendertype=abstract},
volume = {113},
year = {2009}
}
@article{Panov2016b,
abstract = {Behavior planning is known to be one of the basic cognitive functions, which is essential for any cognitive architecture of any control system used in robotics. At the same time most of the widespread planning algorithms employed in those systems are developed using only approaches and models of Artificial Intelligence and don't take into account numerous results of cognitive experiments. As a result, there is a strong need for novel methods of behavior planning suitable for modern cognitive architectures aimed at robot control. One such method is presented in this work and is studied within a special class of navigation task called smart relocation task. The method is based on the hierarchical two-level model of abstraction and knowledge representation, e.g. symbolic and subsymbolic. On the symbolic level sign world model is used for knowledge representation and hierarchical planning algorithm, MAP, is utilized for planning. On the subsymbolic level the task of path planning is considered and solved as a graph search problem. Interaction between both planners is examined and inter-level interfaces and feedback loops are described. Preliminary experimental results are presented.},
author = {Panov, Aleksandr I. and Yakovlev, Konstantin S.},
doi = {10.1016/j.procs.2016.07.414},
file = {:C$\backslash$:/Users/sanek/Documents/Mendeley Desktop/Procedia Computer Science/2016/Panov, Yakovlev - 2016.pdf:pdf;:C$\backslash$:/Users/sanek/Documents/Mendeley Desktop/Procedia Computer Science/2016/Panov, Yakovlev - 2016(2).pdf:pdf},
issn = {1877-0509},
journal = {Procedia Computer Science},
keywords = {16-11-00048,behavior planning,computer cognitive modeling,map,myconf,path planning,planner,scopus,sign world model,theory of activity,wos{\_}core},
mendeley-tags = {16-11-00048,myconf,scopus,wos{\_}core},
pages = {115--124},
title = {{Psychologically Inspired Planning Method for Smart Relocation Task}},
url = {http://www.sciencedirect.com/science/article/pii/S1877050916316702},
volume = {88},
year = {2016}
}
@misc{Presentation2016c,
author = {Panov, Aleksandr I.},
file = {:C$\backslash$:/Users/sanek/Documents/Mendeley Desktop/Unknown/2016/Panov - 2016.pdf:pdf},
pages = {53},
title = {{Biologically and psychologically inspired modelling in BICA}},
year = {2016}
}
@article{Abdul-Kader2015,
abstract = {—Human-Computer Speech is gaining momentum as a technique of computer interaction. There has been a recent upsurge in speech based search engines and assistants such as Siri, Google Chrome and Cortana. Natural Language Processing (NLP) techniques such as NLTK for Python can be applied to analyse speech, and intelligent responses can be found by designing an engine to provide appropriate human like responses. This type of programme is called a Chatbot, which is the focus of this study. This paper presents a survey on the techniques used to design Chatbots and a comparison is made between different design techniques from nine carefully selected papers according to the main methods adopted. These papers are representative of the significant improvements in Chatbots in the last decade. The paper discusses the similarities and differences in the techniques and examines in particular the Loebner prize-winning Chatbots.},
archivePrefix = {arXiv},
arxivId = {1310.4774},
author = {Abdul-Kader, Sameera A and Woods, John},
eprint = {1310.4774},
journal = {IJACSA) International Journal of Advanced Computer Science and Applications},
keywords = {Chatbot,Loebner Prize,NLP,NLTK,SQL,Turing Test,—AIML},
number = {7},
pages = {72--80},
title = {{Survey on Chatbot Design Techniques in Speech Conversation Systems}},
url = {www.ijacsa.thesai.org},
volume = {6},
year = {2015}
}
@article{Gorodotsky2015,
author = {Городецкий, В. И. and Самойлов, В. В. and Троцкий, Д. В.},
doi = {10.7868/S0002338815030087},
file = {:C$\backslash$:/Users/sanek/Documents/Mendeley Desktop/Известия РАН. Теория и системы управления/2015/Городецкий, Самойлов, Троцкий - 2015.pdf:pdf},
isbn = {0002338815},
issn = {0002-3388},
journal = {Известия РАН. Теория и системы управления},
language = {russian},
number = {5},
pages = {102--121},
title = {{Базовая онтология коллективного поведения автономных агентов и ее расширения}},
url = {http://elibrary.ru/item.asp?doi=10.7868/S0002338815030087},
year = {2015}
}
@article{Emelyanov2016,
abstract = {Extensive use of unmanned aerial vehicles (UAVs) in recent years has induced the rapid growth of research areas related to UAV production. Among these, the design of control systems capable of automating a wide range of UAV activities is one of the most actively explored and evolving. Currently, researchers and developers are interested in designing control systems that can be referred to as intelligent, e.g. the systems which are suited to solve such tasks as planning, goal prioritization, coalition formation etc. and thus guarantee high levels of UAV autonomy. One of the principal problems in intelligent control system design is tying together various methods and models traditionally used in robotics and aimed at solving such tasks as dynamics modelling, control signal genera- tion, location and mapping, path planning etc. with the methods of behaviour modelling and planning which are thoroughly studied in cognitive science. Our work is aimed at solving this problem. We propose layered architecture — STRL (strategic, tactical, reactive, layered) — of the control system that au- tomates the behaviour generation using a cognitive approach while taking into account complex dynamics and kinematics of the control object (UAV).We use a special type of knowledge representation — sign world model — that is based on the psychological activity theory to describe individual behaviour planning and coalition formation processes. We also propose path planning methodology which serves as the mediator between the high-level cognitive activities and the reactive control signals generation. To generate these signals we use a state-dependent Riccati equation and specific method for solving it. We believe that utilization of the proposed architecture will broaden the spectrum of tasks which can be solved by the UAV's coalition automatically, as well as raise the autonomy level of each individual member of that coalition.},
author = {Emel'yanov, Stanislav and Makarov, Dmitry and Panov, Aleksandr I. and Yakovlev, Konstantin},
doi = {10.1016/j.cogsys.2015.12.008},
file = {:C$\backslash$:/Users/sanek/Documents/Mendeley Desktop/Cognitive Systems Research/2016/Emel'yanov et al. - 2016.pdf:pdf},
issn = {1389-0417},
journal = {Cognitive Systems Research},
keywords = {14-11-00692,cognitive architecture,elibrary,intelligent control system,mypub,nonlinear control,path planning,scopus,sign world model,state-dependent Riccati equation,unmanned aerial vehicle,wos{\_}core},
mendeley-tags = {14-11-00692,elibrary,mypub,scopus,wos{\_}core},
pages = {58--72},
title = {{Multilayer cognitive architecture for UAV control}},
url = {http://linkinghub.elsevier.com/retrieve/pii/S1389041716000048},
volume = {39},
year = {2016}
}
@article{Branting2004,
abstract = {Two key objectives of conversational case-based reasoning (CCBR) systems are (1) eliciting case facts in a manner that minimizes the user's burden in terms of resources such as time, information cost, and cognitive load, and (2) integrating CBR with other problem solving modalities. This paper proposes an architecture that addresses both these goals by integrating CBR with a discourse-oriented dialogue engine. The dialogue engine determines when CBR or other problem-solving tech- niques are needed to achieve pending discourse goals. Conversely, the CBR component has the full resources of a dialogue engine to handle topic changes, interruptions, clarification questions by either the user or the system, and other speech acts that arise in problem-solving dialogues. 1},
author = {Branting, Karl and Lester, James and Mott, Bradford},
doi = {10.1007/978-3-540-28631-8_7},
isbn = {3-540-22882-9},
issn = {03029743},
journal = {Advances in Case-Based Reasoning},
title = {{Dialogue management for conversational case-based reasoning}},
url = {http://www.springerlink.com/index/e5369pe8c4yref2g.pdf},
year = {2004}
}
@article{Frank2012,
abstract = {Growing evidence suggests that the prefrontal cortex (PFC) is organized hierarchically, with more anterior regions having increasingly abstract representations. How does this organization support hierarchical cognitive control and the rapid discovery of abstract action rules? We present computational models at different levels of description. A neural circuit model simulates interacting corticostriatal circuits organized hierarchically. In each circuit, the basal ganglia gate frontal actions, with some striatal units gating the inputs to PFC and others gating the outputs to influence response selection. Learning at all of these levels is accomplished via dopaminergic reward prediction error signals in each corticostriatal circuit. This functionality allows the system to exhibit conditional if-then hypothesis testing and to learn rapidly in environments with hierarchical structure. We also develop a hybrid Bayesian-reinforcement learning mixture of experts (MoE) model, which can estimate the most likely hypothesis state of individual participants based on their observed sequence of choices and rewards. This model yields accurate probabilistic estimates about which hypotheses are attended by manipulating attentional states in the generative neural model and recovering them with the MoE model. This 2-pronged modeling approach leads to multiple quantitative predictions that are tested with functional magnetic resonance imaging in the companion paper.},
author = {Frank, Michael J. and Badre, David},
doi = {10.1093/cercor/bhr114},
file = {:C$\backslash$:/Users/sanek/Documents/Mendeley Desktop/Cerebral cortex (New York, N.Y. 1991)/2012/Frank, Badre - 2012.pdf:pdf},
issn = {1460-2199},
journal = {Cerebral cortex (New York, N.Y. : 1991)},
keywords = {Computer Simulation,Corpus Striatum,Corpus Striatum: cytology,Corpus Striatum: physiology,Humans,Learning,Learning: physiology,Models,Neural Pathways,Neural Pathways: cytology,Neural Pathways: physiology,Neurological,Neurons,Neurons: physiology,Prefrontal Cortex,Prefrontal Cortex: cytology,Prefrontal Cortex: physiology,Reinforcement (Psychology)},
number = {3},
pages = {509--26},
pmid = {21693490},
title = {{Mechanisms of hierarchical reinforcement learning in corticostriatal circuits 1: Computational analysis}},
url = {http://www.pubmedcentral.nih.gov/articlerender.fcgi?artid=3278315{\&}tool=pmcentrez{\&}rendertype=abstract},
volume = {22},
year = {2012}
}
@article{Chai2001,
abstract = {This paper describes a web-based dialog system – Natural Language Sales Assistant (NLSA) – that helps users find relevant information about products and services in e-commerce sites. The system leverages technologies in natural language processing and human computer interaction to create a faster and more intuitive way of interacting with websites. By combining traditional AI rule-based technology with taxonomy mapping, the system is able to accommodate both customer and business requirements. Our user studies have demonstrated that, in the context of e-commerce, users preferred the natural language enabled navigation over menu-driven navigation (79{\%} to 21{\%} users). In addition, compared to a menu driven system, the average number of clicks used in the natural language system was reduced by 63.2{\%} and the average time was reduced by 33.3{\%}. The NLSA system is currently deployed by IBM as a live pilot and we are collecting real user feedback. We believe that conversational interfaces like that of NLSA offer the ultimate personalization and can greatly enhance the user experience for websites.},
author = {Chai, Joyce Yue and Budzikowska, Malgorzata and Horvath, Veronika and Nicolov, Nicolas and Kambhatla, Nanda and Zadrozny, Wlodek and Stys, Margo and Kambhatla, Nanda and Zadrozny, Wlodek and Melville, Prem},
doi = {10.1145/345124.345164},
journal = {Iaai},
keywords = {engines usually require that,however,indexing,jargon so that the,keyword,keyword search,keywords could possibly match,product catalog or documents,search capabilities,terms used in the,users know domain specific},
number = {2},
pages = {19--26},
title = {{Natural Language Sales Assistant-A Web-Based Dialog System for Online Sales.}},
volume = {23},
year = {2001}
}
@article{Crosby2015,
author = {Crosby, Matthew},
file = {:C$\backslash$:/Users/sanek/Documents/Mendeley Desktop/ICAPS Proceedings of the Competition of Distributed and Multi-Agent Planners (CoDMAP-15)/2015/Crosby - 2015.pdf:pdf},
journal = {ICAPS Proceedings of the Competition of Distributed and Multi-Agent Planners (CoDMAP-15)},
pages = {4--7},
title = {{ADP an Agent Decomposition Planner CoDMAP 2015}},
year = {2015}
}
@book{Berg2014,
abstract = {Current spoken dialogue systems are often criticised because they lack natural behaviour. In this thesis, a model to facilitate the development of user-friendly dialogues for information and control systems (e.g. travel-booking or smart room control systems) is created in order to address this problem. This also includes a study about the users' preferences, the classification of utterances according to intention and answer type and the development of a dialogue engine that can process dialogues based on this model.$\backslash$r$\backslash$nThe developed model describes the dialogue flow and the combination of questions, answers and the resulting actions. Features like mixed initiative, open-ended questions, subdialogues and adaptable phrasings of system utterances lead to more natural dialogues and increase the usability of dialogue systems while linguistic datatypes, abstract question descriptions in connection with answer types and language generation methods enormously facilitate the definition of such dialogues for the developer. The separation of dialogue model and dialogue engine makes possible the reuse of base functionalities und prevents the mixing of execution logic and dialogue knowledge. The engine contains dialogue acts to classify user utterances and to prevent ambiguities as well as language understanding modules to identify the user's goal. In addition, it infers the next dialogue step under consideration of the specified dialogue behaviour.$\backslash$r$\backslash$nBy implementing the Natural Dialogue System (NADIA), that runs the XML-based model, the functionality is proven.},
author = {Berg, Markus M.},
isbn = {9783898385084},
keywords = {Dialogmodellierung,Sprachdialogsystem,Sprachverarbeitung,dialogue modelling,natural language processing,spoken dialogue system},
title = {{Modelling of Natural Dialogues in the Context of Speech-based Information and Control Systems}},
url = {http://macau.uni-kiel.de/receive/dissertation{\_}diss{\_}00016739},
year = {2014}
}
@article{Alexandersson2004,
author = {Alexandersson, Jan and Becker, Tilman and Engel, Ralf and L{\"{o}}ckelt, Markus and Pecourt, Elsa and Poller, Peter and Pfleger, Norbert and Reithinger, Norbert},
journal = {HLT-NAACL 2004 Workshop: 2nd Workshop on Scalable Natural Language Understanding},
pages = {25--32},
title = {{Ends-based Dialogue Processing}},
year = {2004}
}
@article{Zubarev2013,
abstract = {В статье рассматриваются и анализируются различные подходы к построению архитектуры системы управления беспилотным летательным аппаратом типа «вертолет». На основании проведенного анализа делается вывод о целесообразности применения иерархической, трехуровневой схемы – стратегический уровень, тактический уровень, уровень управления. Описываются решаемые на каждом уровне задачи и дается краткая характеристика методов, подходов и алгоритмов, потенциально применимых для их решения, выделяются наиболее перспективные на взгляд авторов методы и подходы.},
author = {Зубарев, Д. В. and Макаров, Д. А. and Панов, А. И. and Яковлев, К. С.},
file = {:C$\backslash$:/Users/sanek/Documents/Mendeley Desktop/Авиакосмическое приборостроение/2013/Зубарев et al. - 2013.pdf:pdf;:C$\backslash$:/Users/sanek/Documents/Mendeley Desktop/Авиакосмическое приборостроение/2013/Зубарев et al. - 2013.docx:docx},
journal = {Авиакосмическое приборостроение},
keywords = {12-07-00611,12-07-31057,12-07-31058,elibrary,mypub,алгоритмы управления,архитектура системы управления,беспилотные летательные аппараты,вертолеты,когнитивное компьютерное моделирование,методы планирования траекторий,регуляторы},
language = {russian},
mendeley-tags = {12-07-00611,12-07-31057,12-07-31058,elibrary,mypub},
number = {4},
pages = {10--28},
title = {{Принципы построения многоуровневых архитектур систем управления беспилотными летательными аппаратами}},
year = {2013}
}
@article{Glass1999,
author = {Glass, James R},
journal = {Proceedings of the 1999 IEEE ASRU Workshop},
title = {{Challenges for spoken dialogue systems}},
year = {1999}
}
@article{Osipov2014c,
abstract = {Рассматриваются функции, которые в психологии принято относить к функциям сознания. К числу таких функций относятся рефлексия, осознание мотива деятельности, целеполагание, синтез целенаправленного поведения и некоторые иные. Описание опирается на понятие знака, достаточно широко используемое в психологии, в частности, в культурно-исторической теории Л.С.Выготского, где знак понимается неформальным образом. В настоящей работе уточняется понятие знака, рассматриваются механизмы формирования знаков и некоторые процедуры самоорганизации на множестве знаков. Благодаря работе механизмов самоорганизации возникает новый способ представления картины мира субъекта деятельности. Вводится понятие семиотической сети, которое используется для исследования картин мира субъектов. Строятся модели некоторых из указанных выше функций. Вторая часть статьи посвящена функциям самосознания и применению построенных моделей для задачи синтеза плана и построения новых архитектур интеллектуальных агентов, обладающих, в частности, способностями к распределению ролей в коалициях.},
author = {Осипов, Г. С. and Панов, А. И. and Чудова, Н. В.},
doi = {10.7868/S000233881404012X},
file = {:C$\backslash$:/Users/sanek/Documents/Mendeley Desktop/Известия Российской академии наук. Теория и системы управления/2014/Осипов, Панов, Чудова - 2014.doc:doc;:C$\backslash$:/Users/sanek/Documents/Mendeley Desktop/Известия Российской академии наук. Теория и системы управления/2014/Осипов, Панов, Чудова - 2014.pdf:pdf},
issn = {0002-3388},
journal = {Известия Российской Академии Наук. Теория и системы управления},
keywords = {12-07-00611,elibrary,mypub,vak},
language = {russian},
mendeley-tags = {12-07-00611,elibrary,mypub,vak},
number = {4},
pages = {49--62},
title = {{Управление поведением как функция сознания. I. Картина мира и целеполагание}},
url = {http://elibrary.ru/item.asp?doi=10.7868/S000233881404012X},
year = {2014}
}
@article{Sabater2005,
abstract = {The scientific research in the area of computational mechanisms for trust and reputation in virtual societies is a recent discipline oriented to increase the reliability and performance of electronic communities. Computer science has moved from the paradigm of isolated machines to the paradigm of networks and distributed computing. Likewise, artificial intelligence is quickly moving from the paradigm of isolated and non-situated intelligence to the paradigm of situated, social and collective intelligence. The new paradigm of the so called intelligent or autonomous agents and multi-agent systems (MAS) together with the spectacular emergence of the information society technologies (specially reflected by the popularization of electronic commerce) are responsible for the increasing interest on trust and reputation mechanisms applied to electronic societies. This review wants to offer a panoramic view on current computational trust and reputation models.},
author = {Sabater, Jordi and Sierra, Carles},
doi = {10.1007/s10462-004-0041-5},
file = {::},
isbn = {02692821 (ISSN)},
issn = {02692821},
journal = {Artificial Intelligence Review},
keywords = {Reputation,Trust},
number = {1},
pages = {33--60},
title = {{Review on computational trust and reputation models}},
volume = {24},
year = {2005}
}
@article{Pechoucek2002,
author = {Pechoucek, Michal and Marik, Vladimir and Barta, Jaroslav},
file = {:C$\backslash$:/Users/sanek/Documents/Mendeley Desktop/IEEE Intelligent Systems/2002/Pechoucek, Marik, Barta - 2002.pdf:pdf},
journal = {IEEE Intelligent Systems},
number = {3},
pages = {17--25},
title = {{A Knowledge-Based Approach to Coalition Formation}},
volume = {17},
year = {2002}
}
@article{Vig2007,
author = {Vig, Lovekesh and Adams, Julie a.},
doi = {10.1007/s10846-007-9150-0},
file = {:C$\backslash$:/Users/sanek/Documents/Mendeley Desktop/Journal of Intelligent and Robotic Systems/2007/Vig, Adams - 2007.pdf:pdf},
issn = {0921-0296},
journal = {Journal of Intelligent and Robotic Systems},
number = {1},
pages = {85--118},
title = {{Coalition Formation: From Software Agents to Robots}},
url = {http://link.springer.com/10.1007/s10846-007-9150-0},
volume = {50},
year = {2007}
}
@inproceedings{Brafman2015,
abstract = {To engage diverse agents in cooperative behavior, it is important, even necessary, to provide algo- rithms that do not reveal information that is private or proprietary. A number of recent planning algo- rithms enable agents to plan together for shared goals without disclosing information about their private state and actions. But these algorithms lack clear and formal privacy guarantees: the fact that they do not require agents to explicitly reveal pri- vate information, does not imply that such informa- tion cannot be deduced. The main contribution of this paper is an enhanced version of the distributed forward-search planning framework of Nissim and Brafman that reveals less information than the orig- inal algorithm, and the first, to our knowledge, dis- cussion and formal proof of privacy guarantees for distributed planning and search algorithms.},
author = {Brafman, Ronen I},
booktitle = {Proceedings of the Twenty-Fourth International Joint Conference on Artificial Intelligence (IJCAI 2015)},
file = {:C$\backslash$:/Users/sanek/Documents/Mendeley Desktop/Proceedings of the Twenty-Fourth International Joint Conference on Artificial Intelligence (IJCAI 2015)/2015/Brafman - 2015.pdf:pdf},
pages = {1530--1536},
title = {{A Privacy Preserving Algorithm for Multi-Agent Planning and Search}},
year = {2015}
}
@article{Traum,
abstract = {SLIDES!},
author = {Traum, David},
title = {{Approaches to dialogue systems and dialogue management}}
}
@book{Osipov2009,
address = {М.},
author = {Осипов, Г. С.},
file = {:C$\backslash$:/Users/sanek/Documents/Mendeley Desktop/Unknown/2009/Осипов - 2009.pdf:pdf},
keywords = {osipov},
language = {russian},
mendeley-tags = {osipov},
pages = {266},
publisher = {УРСС},
title = {{Лекции по искусственному интеллекту}},
year = {2009}
}
@article{Hexmoor2006,
abstract = {Agent teaming and autonomy are foundational themes in multi-agent systems. Agents may work as singletons or they may work in environments where other agents exist. In multi-agent systems, agents may form teams by sharing common goals with other agents. Cooperation is essential for any collaborative, group activity. Beyond coordination and judicious role assignment, cooperation enables members of a team to be aware and account for collection of their goals as well as the performance of agents on individual goals. This paper presents a general model of cooperation and illustrates how it may enhance group performance. In this paper, we present results of an application of the concept of cooperation in a simulated swarm of reconnaissance urban UAVs that are tracking vehicles in an urban environment.},
author = {Hexmoor, Henry and Eluru, Swetha and Sabaa, Hadi},
file = {:C$\backslash$:/Users/sanek/Documents/Mendeley Desktop/Informatica (Ljubljana)/2006/Hexmoor, Eluru, Sabaa - 2006.pdf:pdf},
issn = {03505596},
journal = {Informatica (Ljubljana)},
keywords = {Agents,Benevolence,Collaboration,Help,UAV},
number = {2},
pages = {183--192},
title = {{Plan sharing: Showcasing coordinated UAV formation flight}},
volume = {30},
year = {2006}
}
@inproceedings{Apeldoorn2015,
author = {Apeldoorn, Daan},
booktitle = {Proceedings of the 5th Workshop on Dynamics of Knowledge and Belief (DKB-2015) and the 4th Workshop KI {\&} Kognition (KIK-2015) co-located with 38th German Conference on Artificial Intelligence (KI-2015)},
editor = {Beierle, Christoph and Kern-Isberner, Gabriele and Ragni, Marco and Frieder, Stolzenburg},
file = {:C$\backslash$:/Users/sanek/Documents/Mendeley Desktop/Proceedings of the 5th Workshop on Dynamics of Knowledge and Belief (DKB-2015) and the 4th Workshop KI {\&} Kognition (KIK-2015) co-located wit./2015/Apeldoorn - 2015.pdf:pdf},
keywords = {cooperative problem solving,knowledge extraction,learning,multi-agent simulation,rule},
pages = {5--15},
title = {{Learning Rules for Cooperative Solving of Spatio-Temporal Problems}},
year = {2015}
}
@article{M.Garcia-Serrano2002,
author = {{M. Garc{\'{i}}a-Serrano}, Ana and Rodrigo-Aguado, Luis and Javier, Calle},
journal = {Proceedings of the Third International Conference on Language Resources and Evaluation (LREC'02)},
number = {January 2002},
title = {{Natural Language Dialogue in a Virtual Assistant Interface.}},
url = {http://aclweb.org/anthology/L02-1253},
year = {2002}
}
@article{Yang2007,
author = {Yang, Jingan and Luo, Zhenghu},
doi = {10.1016/j.asoc.2006.04.004},
file = {:C$\backslash$:/Users/sanek/Documents/Mendeley Desktop/Applied Soft Computing/2007/Yang, Luo - 2007.pdf:pdf},
issn = {15684946},
journal = {Applied Soft Computing},
keywords = {agent coalition formation,chromosome encoding,crossover and mutation,genetic algorithm,multiagent system},
number = {2},
pages = {561--568},
title = {{Coalition formation mechanism in multi-agent systems based on genetic algorithms}},
url = {http://linkinghub.elsevier.com/retrieve/pii/S1568494606000421},
volume = {7},
year = {2007}
}
@article{Bonnet2015,
author = {Bonnet, Jonathan and Gleizes, Marie Pierre and Kaddoum, Elsy and Rainjonneau, Serge and Flandin, Gregory},
doi = {10.1109/SASO.2015.9},
file = {::},
isbn = {9781467375351},
issn = {19493681},
journal = {International Conference on Self-Adaptive and Self-Organizing Systems, SASO},
keywords = {adaptive multi-agent system,multisatellite,planning},
pages = {11--20},
title = {{Multi-satellite Mission Planning Using a Self-Adaptive Multi-agent System}},
volume = {2015-Octob},
year = {2015}
}
@article{Vig2006,
author = {Vig, Lovekesh and Adams, Julie A and Member, Senior},
file = {:C$\backslash$:/Users/sanek/Documents/Mendeley Desktop/IEEE Transactions on Robotics/2006/Vig, Adams, Member - 2006.pdf:pdf},
journal = {IEEE Transactions on Robotics},
number = {4},
pages = {637--649},
title = {{Multi-Robot Coalition Formation}},
volume = {22},
year = {2006}
}
@article{DeCarolis2001,
abstract = {The aim of our research is to build a Reflexive Agent, that is able to either manifest an emotion it is feeling or to hide it. If the Agent decides to manifest its emotion, it can establish what verbal or nonverbal signals to employ communication in its and how to combine and synchronize them. In the decision of whether to express an emotion in a given context, a number of factors are considered, such as the Agent's own personality and goals, the Interlocutor's characteristics and the context. In planning how to communicate an emotion, various factors are considered as well: the available modalities (face, gaze, voice etc); the cognitive ease in producing and processing the various the expressiveness of every signal in communicating specific meanings; and, finally, the appropriateness of signals to social situations.},
author = {{De Carolis}, Berardina and Pelachaud, Catherine and Poggi, Isabella and {De Rosis}, Fiorella},
file = {:C$\backslash$:/Users/sanek/Documents/Mendeley Desktop/IJCAI International Joint Conference on Artificial Intelligence/2001/De Carolis et al. - 2001.pdf:pdf},
isbn = {1-55860-812-5, 978-1-558-60812-2},
issn = {10450823},
journal = {IJCAI International Joint Conference on Artificial Intelligence},
pages = {1059--1064},
title = {{Behavior planning for a reflexive agent}},
year = {2001}
}
@article{Fikes1971,
abstract = {We describe a new problem solver called STRIPS that attempts to find a sequence of operators in a space of world models to transform a given initial world model in which a given goal formula can be proven to be true. STRIPS represents a world model as an arbitrary collection in first-order predicate calculus formulas and is designed to work with models consisting of large numbers of formula. It employs a resolution theorem prover to answer questions of particular models and uses means-ends analysis to guide it to the desired goal-satisfying model.},
author = {Fikes, Richard E. and Nilsson, Nils J.},
doi = {10.1016/0004-3702(71)90010-5},
file = {:C$\backslash$:/Users/sanek/Documents/Mendeley Desktop/Artificial Intelligence/1971/Fikes, Nilsson - 1971.pdf:pdf},
isbn = {0004-3702},
issn = {00043702},
journal = {Artificial Intelligence},
keywords = {plan},
mendeley-tags = {plan},
number = {3-4},
pages = {189--208},
title = {{STRIPS: A new approach to the application of theorem proving to problem solving}},
volume = {2},
year = {1971}
}
@article{Makarov2015a,
abstract = {В работе рассмотрен ряд вопросов, возникающих в области автоматизации управления малыми беспилотными летательными аппаратами (БПЛА) мультироторного типа. Предложена совокупность методов планирования и управления, рассмотрена задача организации взаимодействия различных методов и алгоритмов (авторских и известных) в единую интеллектуальную систему управления БПЛА. Предлагается использование трех уровней управления – стратегического, тактического и реактивного, описывается соответствующая архитектура – STRL (от англ. strategic, tactical, reactive, layered). Использование этой архитектуры позволит автоматизировать управление коалициями БПЛА при решении широкого круга задач в различных средах.},
author = {Макаров, Д. А. and Панов, А. И. and Яковлев, К. С.},
file = {:C$\backslash$:/Users/sanek/Documents/Mendeley Desktop/Искусственный интеллект и принятие решений/2015/Макаров, Панов, Яковлев - 2015.pdf:pdf;:C$\backslash$:/Users/sanek/Documents/Mendeley Desktop/Искусственный интеллект и принятие решений/2015/Макаров, Панов, Яковлев - 2015.pdf:pdf;:C$\backslash$:/Users/sanek/Documents/Mendeley Desktop/Искусственный интеллект и принятие решений/2015/Макаров, Панов, Яковлев - 2015.doc:doc},
journal = {Искусственный интеллект и принятие решений},
keywords = {14-11-00692,elibrary,mypub,vak,wos{\_}rsci,беспилотные летательные аппараты,знаковая картина мира,интеллектуальная система управления,многоуровневая архитектура,нелинейное управление,планирование траектории,уравнение Риккати},
language = {russian},
mendeley-tags = {14-11-00692,elibrary,mypub,vak,wos{\_}rsci},
number = {3},
pages = {18--33},
title = {{Архитектура многоуровневой интеллектуальной системы управления беспилотными летательными аппаратами}},
year = {2015}
}
@article{Ghavamzadeh2015,
author = {Ghavamzadeh, Mohammed and Mannor, Shie and Pineau, Joelle and Tamar, Aviv},
doi = {10.1561/2200000049},
file = {:C$\backslash$:/Users/sanek/Documents/Mendeley Desktop/Foundations and Trends in Machine Learning/2015/Ghavamzadeh et al. - 2015.pdf:pdf},
isbn = {2200000049},
issn = {1935-8237},
journal = {Foundations and Trends in Machine Learning},
number = {5-6},
pages = {359--483},
title = {{Bayesian Reinforcement Learning: A Survey}},
url = {http://www.nowpublishers.com/article/Details/MAL-049},
volume = {8},
year = {2015}
}
@article{Wahlster1989,
abstract = {This chapter surveys the field of user modeling in artificial intelligence dialog systems. First, reasons why user modeling has become so important in the last few years are pointed out, and definitions are proposed for the terms 'user model' and 'user modeling component'. Research within and outside of artificial intelligence which is related to user modeling in dialog systems is discussed. In Section 2, techniques for constructing user models in the course of a dialog are presented and, in Section 3, recent proposals for representing a wide range of assumptions about a user's beliefs and goals in a system's knowledge base are surveyed. Examples for the application of user models in systems developed to date are then given, and some social implications discussed. Finally, unsolved problems like coping with collective beliefs or resource-limited processes are investigated, and prospects for application- oriented research are outlined. Although the survey is restricted to user models in natural- language dialog systems, most of the concepts and methods discussed can be extended to AI dialog systems in general.},
author = {Wahlster, Wolfgang and Kobsa, Alfred},
doi = {10.1007/978-3-642-83230-7},
isbn = {0-387-18380-9; 3-540-18380-9 Print},
journal = {User Models in Dialog Systems},
number = {Sfb 314},
pages = {4--34},
pmid = {3383829},
title = {{User models in dialog systems}},
url = {http://citeseerx.ist.psu.edu/viewdoc/download?doi=10.1.1.71.9428{\&}rep=rep1{\&}type=pdf{\%}5Cnhttp://link.springer.com/chapter/10.1007/978-3-642-83230-7{\_}1},
year = {1989}
}
@misc{Presentation2016d,
author = {Панов, А. И.},
file = {:C$\backslash$:/Users/sanek/Documents/Mendeley Desktop/Unknown/2016/Панов - 2016(2).pdf:pdf},
pages = {30},
title = {{Теория сознания Тонони}},
year = {2016}
}
@inproceedings{Hayes2015,
abstract = {In this work, we present an algorithm for improv- ing collaborator performance on sequential manipulation tasks. Our agent-decoupled, optimization-based, task and motion planning approach merges considerations derived from both symbolic and geometric planning domains. This results in the generation of supportive behaviors enabling a teammate to reduce cognitive and kinematic burdens during task completion. We describe our algorithm alongside representative use cases, with an evaluation based on solving complex circuit building problems. We conclude with a discussion of applications and extensions to human-robot teaming scenarios.},
author = {Hayes, Bradley and Scassellati, Brian},
booktitle = {International Conference on Intelligent Robots and Systems},
doi = {10.1109/IROS.2015.7354288},
file = {:C$\backslash$:/Users/sanek/Documents/Mendeley Desktop/International Conference on Intelligent Robots and Systems/2015/Hayes, Scassellati - 2015.pdf:pdf},
isbn = {9781479999934},
issn = {21530866},
pages = {6374--6380},
title = {{Effective Robot Teammate Behaviors for Supporting Sequential Manipulation Tasks}},
url = {http://www.bradhayes.info/papers/iros15.pdf},
year = {2015}
}
@article{Woudenberg2014,
abstract = {Conversational software, that is software with which a user can con- verse in a natural language such as English or Dutch, can be classified into two distinct categories: chatbots and dialogue systems. Chatbots work according to the principle of pattern matching where user input is matched to a fixed response. In dialogue systems, user input is parsed into some semantical rep- resentation. This representation is then used by a component called a dialogue manager to determine what the response should be. A dia- logue manager maintains a state of the conversation by tracking who spoke last, what knowledge is private and shared, the current goal, what plan should be followed to resolve an open issue and how much of the user input was understood. Both categories of systems have their advantages and disadvan- tages. Chatbot systems are trivial to build and maintain, but are too simplistic for applications that do more than answering frequently asked questions. Dialogue systems on the other hand are harder to develop and maintain, can deal with less variety in user input, but are capable of handling and generating all kinds of linguistic phenomena such as grounding and information revision. This thesis presents a system that combines ideas from chatbots and dialogue system. This hybrid system doesn't parse natural language into a semantic presentation, but contains a dialogue manager that can handle natural language directly. This system would make it easy to implement and maintain new domains even when the developer has little or no knowledge of computational linguistics. The system would also be able to deal with a variety of linguistic phenomena. A statistics tutor has been implemented using this hybrid system with which three students interacted. This shows that it's reasonably easy to build and maintain new domains using this approach. It is also shown that the statistics tutor is able to deal with phenomena such as grounding, question accommodation and information revision.},
author = {Woudenberg, A F Van},
title = {{A Chatbot Dialogue Manager Chatbots and Dialogue Systems : A Hybrid Approach}},
year = {2014}
}
@article{Primeau2016,
author = {Primeau, Nicolas and Falcon, Rafael and Abielmona, Rami and Groza, Voicu and Petriu, Emil},
doi = {10.1109/INES.2016.7555136},
file = {::},
isbn = {9781509012169},
journal = {INES 2016 - 20th Jubilee IEEE International Conference on Intelligent Engineering Systems, Proceedings},
number = {1},
pages = {21--26},
title = {{Improving task allocation in risk-Aware robotic sensor networks via auction protocol selection}},
year = {2016}
}
@article{Crosby2014,
abstract = {In this paper we present a novel approach to multiagent planning in domains with concurrent actions and associated concurrent action constraints. In these domains, we associate the actions of individual agents with subsets of objects, which allows for a transformation of the problems into single-agent planning problems that are considerably easier to solve. The transformation forces agents to select joint actions associated with a single subset of objects at a time, and ensures that the concurrency constraints on this subset are satisfied. Joint actions are serialised such that each agent performs their part of the action separately. The number of actions in the resulting single-agent planning problem turns out to be manageable in many real-world domains, thus allowing the problem to be solved efficiently using a standard single-agent planner. We also describe a cost-optimal algorithm for compressing the resulting plan, i.e. merging individual actions in order to reduce the total number of joint actions. Results show that our approach can handle large problems that are impossible to solve for most multiagent planners.},
author = {Crosby, Matthew and Jonsson, Anders and Rovatsos, Michael},
doi = {10.3233/978-1-61499-419-0-237},
file = {:C$\backslash$:/Users/sanek/Documents/Mendeley Desktop/Frontiers in Artificial Intelligence and Applications/2014/Crosby, Jonsson, Rovatsos - 2014.pdf:pdf},
isbn = {9781614994183},
issn = {09226389},
journal = {Frontiers in Artificial Intelligence and Applications},
pages = {237--242},
title = {{A single-agent approach to multiagent planning}},
volume = {263},
year = {2014}
}
@article{Lester2004,
abstract = {Conversational agents integrate computational linguistics techniques with the communi- cation channel of theWeb to interpret and respond to statements made by users in ordinary natural language. Web-based conversational agents deliver high-volumes of interactive text-based dialogs. Recent years have seen significant activity in enterprise-class conversational agents. This chap- ter describes the principal applications of conversational agents in the enterprise and the technical challenges posed by their design and large-scale deployments. These technical challenges fall into two categories: accurate and efficient natural-language processing; and the scalability, performance, reliability, integration, and maintenance requirements posed by enterprise deployments},
author = {Lester, James and Mott, Bradford},
isbn = {978-1584883814},
journal = {The Practical Handbook of Internet Computing},
pages = {220--240},
title = {{Conversational Agents}},
year = {2004}
}
@article{Nikolaidis2014,
abstract = {We present a framework for learning human user models from joint-action demonstrations that enables the robot to compute a robust policy for a collaborative task with a human. The learning takes place completely automatically, without any human intervention. First, we describe the clustering of demonstrated action sequences into different human types using an unsupervised learning algorithm. These demonstrated sequences are also used by the robot to learn a reward function that is representative for each type, through the employment of an inverse reinforcement learning algorithm. The learned model is then used as part of a Mixed Observability Markov Decision Process formulation, wherein the human type is a partially observable variable. With this framework, we can infer, either offline or online, the human type of a new user that was not included in the training set, and can compute a policy for the robot that will be aligned to the preference of this new user and will be robust to deviations of the human actions from prior demonstrations. Finally we validate the approach using data collected in human subject experiments, and conduct proof-of-concept demonstrations in which a person performs a collaborative task with a small industrial robot.},
archivePrefix = {arXiv},
arxivId = {1405.6341},
author = {Nikolaidis, Stefanos and Gu, Keren and Ramakrishnan, Ramya and Shah, Julie},
doi = {10.1145/2696454.2696455},
eprint = {1405.6341},
file = {:C$\backslash$:/Users/sanek/Documents/Mendeley Desktop/arXiv/2014/Nikolaidis et al. - 2014.pdf:pdf},
isbn = {9781450328838},
issn = {21672148},
journal = {arXiv},
pages = {1--9},
title = {{Efficient Model Learning for Human-Robot Collaborative Tasks}},
url = {http://arxiv.org/abs/1405.6341},
year = {2014}
}
@incollection{Panov2016c,
abstract = {In this paper we outline the approach of solving special type of navigation tasks for robotic systems, when a coalition of robots (agents) acts in the 2D environment, which can be modified by the actions, and share the same goal location. The latter is originally unreachable for some members of the coalition, but the common task still can be accomplished as the agents can assist each other (e.g. by modifying the environment). We call such tasks smart relocation tasks (as the can not be solved by pure path planning methods) and study spatial and behavior interaction of robots while solving them. We use cognitive approach and introduce semiotic knowledge representation — sign world model which underlines behavioral planning methodology. Planning is viewed as a recursive search process in the hierarchical state-space induced by sings with path planning signs reside on the lowest level. Reaching this level triggers path planning which is accomplished by state of the art grid-based planners focused on producing smooth paths (e.g. LIAN) and thus indirectly guarantying feasibility of that paths against agent's dynamic constraints.},
author = {Panov, Aleksandr I. and Yakovlev, Konstantin},
booktitle = {Robot Intelligence Technology and Applications 4},
doi = {10.1007/978-3-319-31293-4_1},
editor = {Kim, Jong-Hwan and Karray, Fakhri and Jo, Jun and Sincak, Peter and Myung, Hyun},
file = {:C$\backslash$:/Users/sanek/Documents/Mendeley Desktop/Robot Intelligence Technology and Applications 4/2016/Panov, Yakovlev - 2016.pdf:pdf;:C$\backslash$:/Users/sanek/Documents/Mendeley Desktop/Robot Intelligence Technology and Applications 4/2016/Panov, Yakovlev - 2016(2).pdf:pdf},
keywords = {14-07-31194,15-37-20893,behavior planning,coalition,elibrary,knowledge representation,lian,myconf,path planning,scopus,semiotic model,sign world model,task planning,wos{\_}core},
mendeley-tags = {14-07-31194,15-37-20893,elibrary,myconf,scopus,wos{\_}core},
pages = {3--20},
publisher = {Springer International Publishing},
series = {Advances in Intelligent Systems and Computing},
title = {{Behavior and Path Planning for the Coalition of Cognitive Robots in Smart Relocation Tasks}},
url = {http://link.springer.com/10.1007/978-3-319-31293-4{\_}1},
year = {2016}
}
@article{Potamianos2005,
author = {Potamianos, Alexandros and Narayanan, Shrikanth and Member, Senior and Riccardi, Giuseppe},
doi = {10.1007/978-3-540-49127-9_35},
isbn = {9781598295993},
issn = {1947-4040},
journal = {Audio},
number = {3},
pages = {321--329},
title = {{Spoken Dialogue Systems}},
volume = {13},
year = {2005}
}
@article{Osipov2014c,
abstract = {Рассматриваются функции, которые в психологии принято относить к функциям сознания. К числу таких функций относятся рефлексия, осознание мотива деятельности, целеполагание, синтез целенаправленного поведения и некоторые иные. Описание опирается на понятие знака, достаточно широко используемое в психологии, в частности, в культурно-исторической теории Л.С.Выготского, где знак понимается неформальным образом. В настоящей работе уточняется понятие знака, рассматриваются механизмы формирования знаков и некоторые процедуры самоорганизации на множестве знаков. Благодаря работе механизмов самоорганизации возникает новый способ представления картины мира субъекта деятельности. Вводится понятие семиотической сети, которое используется для исследования картин мира субъектов. Строятся модели некоторых из указанных выше функций. Вторая часть статьи посвящена функциям самосознания и применению построенных моделей для задачи синтеза плана и построения новых архитектур интеллектуальных агентов, обладающих, в частности, способностями к распределению ролей в коалициях.},
author = {Осипов, Г. С. and Панов, А. И. and Чудова, Н. В.},
doi = {10.7868/S000233881404012X},
file = {:C$\backslash$:/Users/sanek/Documents/Mendeley Desktop/Известия Российской академии наук. Теория и системы управления/2014/Осипов, Панов, Чудова - 2014.doc:doc;:C$\backslash$:/Users/sanek/Documents/Mendeley Desktop/Известия Российской академии наук. Теория и системы управления/2014/Осипов, Панов, Чудова - 2014.pdf:pdf},
issn = {0002-3388},
journal = {Известия Российской академии наук. Теория и системы управления},
keywords = {12-07-00611,elibrary,mypub,vak},
language = {russian},
mendeley-tags = {12-07-00611,elibrary,mypub,vak},
number = {4},
pages = {49--62},
title = {{Управление поведением как функция сознания. I. Картина мира и целеполагание}},
url = {http://elibrary.ru/item.asp?doi=10.7868/S000233881404012X},
year = {2014}
}
@article{Schrodt2017,
author = {Schrodt, Fabian and Kneissler, Jan and Ehrenfeld, Stephan and Butz, Martin V.},
doi = {10.1111/tops.12252},
file = {:C$\backslash$:/Users/sanek/Documents/Mendeley Desktop/Topics in Cognitive Science/2017/Schrodt et al. - 2017.pdf:pdf},
issn = {17568757},
journal = {Topics in Cognitive Science},
keywords = {artificial intelligence,cognitive architecture,cognitive science and games,self-},
pages = {1--31},
title = {{Mario Becomes Cognitive}},
url = {http://doi.wiley.com/10.1111/tops.12252},
year = {2017}
}
@article{Osipov2015d,
abstract = {Рассматриваются процедуры формирования элемента картины мира субъекта деятельности (знака), введенные в первой части работы. Исследуется процесс формирование пары образ – значение знака с учетом современных представлений о строении и функционировании коры головного мозга человека. Строится алгоритм синтеза плана поведения и предлагается новая архитектура интеллектуальных агентов, обладающих, в частности, способностями к распределению ролей в коалициях.},
author = {Осипов, Г. С. and Панов, А. И. and Чудова, Н. В.},
doi = {10.7868/S0002338815050108},
file = {:C$\backslash$:/Users/sanek/Documents/Mendeley Desktop/Известия Российский академии наук. Теория и системы управления/2015/Осипов, Панов, Чудова - 2015.pdf:pdf},
isbn = {0002338815},
journal = {Известия РАН. Теория и системы управления},
keywords = {14-11-00692,15-07-06214,elibrary,mypub,vak},
language = {russian},
mendeley-tags = {14-11-00692,15-07-06214,elibrary,mypub,vak},
number = {6},
pages = {47--61},
title = {{Управление поведением как функция сознания. II. Синтез плана поведения}},
year = {2015}
}
@incollection{Jones2006,
abstract = {As we progress towards a world where robots play an integral role in society, a critical problem that remains to be solved is the pickup team challenge; that is, dynamically formed heterogeneous robot teams executing coordinated tasks where little information is known a priori about the tasks, the robots, and the environments in which they would operate. Successful solutions to forming pickup teams would enable researchers to experiment with larger numbers of robots and enable industry to efficiently and cost-effectively integrate new robot technology with existing legacy teams. In this paper, we define the challenge of pickup teams and propose the treasure hunt domain for evaluating the performance of pickup teams. Additionally, we describe a basic implementation of a pickup team that can search and discover treasure in a previously unknown environment. We build on prior approaches in market-based task allocation and plays for synchronized task execution, to allocate roles amongst robots in the pickup team, and to execute synchronized team actions to accomplish the treasure hunt task},
author = {Jones, E. Gil and Browning, Brett and Dias, M. Bernardine and Argall, Brenna and Veloso, Manuela and Stentz, Anthony},
booktitle = {Proceedings 2006 IEEE International Conference on Robotics and Automation, 2006. ICRA 2006},
doi = {10.1109/ROBOT.2006.1641771},
file = {:C$\backslash$:/Users/sanek/Documents/Mendeley Desktop/Proceedings 2006 IEEE International Conference on Robotics and Automation, 2006. ICRA 2006/2006/Jones et al. - 2006.pdf:pdf},
isbn = {0780395069},
issn = {10504729},
pages = {570--575},
title = {{Dynamically formed heterogeneous robot teams performing tightly-coordinated tasks}},
year = {2006}
}
@inproceedings{Panov2010b,
abstract = {В данной работе предлагается новая методика выявления причинно-следственных связей в психологических данных, получаемых при проведении тестирования. Используется сочетание методов статистической обработки и методов машинного обучения, в частности ДСМ-метода и метода AQ покрытий. Предлагаются способы дополнительного анализа и визуализации полученных гипотез о причинно-следственных связях.},
address = {Рыбинск},
author = {Панов, А. И.},
booktitle = {Теория и практика системного анализа: Труды I Всероссийской научной конференции молодых учёных},
file = {:C$\backslash$:/Users/sanek/Documents/Mendeley Desktop/Теория и практика системного анализа Труды I Всероссийской научной конференции молодых учёных/2010/Панов - 2010.pdf:pdf},
keywords = {myconf},
language = {russian},
mendeley-tags = {myconf},
pages = {39--45},
publisher = {РГАТА имени П.А. Соловьева},
title = {{Методика интеллектуального анализа результатов психологического тестирования}},
volume = {I},
year = {2010}
}
@article{Oizumi2014,
abstract = {This paper presents Integrated Information Theory (IIT) of consciousness 3.0, which incorporates several advances over previous formulations. IIT starts from phenomenological axioms: information says that each experience is specific – it is what it is by how it differs from alternative experiences; integration says that it is unified – irreducible to non- interdependent components; exclusion says that it has unique borders and a particular spatio-temporal grain. These axioms are formalized into postulates that prescribe how physical mechanisms, such as neurons or logic gates, must be configured to generate experience (phenomenology). The postulates are used to define intrinsic information as ‘‘differences that make a difference'' within a system, and integrated information as information specified by a whole that cannot be reduced to that specified by its parts. By applying the postulates both at the level of individual mechanisms and at the level of systems of mechanisms, IIT arrives at an identity: an experience is a maximally irreducible conceptual structure (MICS, a constellation of concepts in qualia space), and the set of elements that generates it constitutes a complex. According to IIT, a MICS specifies the quality of an experience and integrated information WMax its quantity. From the theory follow several results, including: a system of mechanisms may condense into a major complex and non-overlapping minor complexes; the concepts that specify the quality of an experience are always about the complex itself and relate only indirectly to the external environment; anatomical connectivity influences complexes and associated MICS; a complex can generate a MICS even if its elements are inactive; simple systems can be minimally conscious; complicated systems can be unconscious; there can be true ‘‘zombies'' – unconscious feed-forward systems that are functionally equivalent to conscious complexes. Citation:},
author = {Oizumi, Masafumi and Albantakis, Larissa and Tononi, Giulio},
doi = {10.1371/journal.pcbi.1003588},
file = {:C$\backslash$:/Users/sanek/Documents/Mendeley Desktop/PLoS Computational Biology/2014/Oizumi, Albantakis, Tononi - 2014.pdf:pdf;:C$\backslash$:/Users/sanek/Documents/Mendeley Desktop/PLoS Computational Biology/2014/Oizumi, Albantakis, Tononi - 2014.pdf:pdf;:C$\backslash$:/Users/sanek/Documents/Mendeley Desktop/PLoS Computational Biology/2014/Oizumi, Albantakis, Tononi - 2014.pdf:pdf;:C$\backslash$:/Users/sanek/Documents/Mendeley Desktop/PLoS Computational Biology/2014/Oizumi, Albantakis, Tononi - 2014.pdf:pdf},
issn = {1553-7358},
journal = {PLoS Computational Biology},
keywords = {consciousness},
mendeley-tags = {consciousness},
number = {5},
pages = {e1003588},
title = {{From the Phenomenology to the Mechanisms of Consciousness: Integrated Information Theory 3.0}},
url = {http://dx.plos.org/10.1371/journal.pcbi.1003588},
volume = {10},
year = {2014}
}
@article{Gorodetsky2012,
author = {Городецкий, В И},
file = {:C$\backslash$:/Users/sanek/Documents/Mendeley Desktop/Известия РАН. Теория и системы управления/2012/Городецкий - 2012.pdf:pdf},
journal = {Известия РАН. Теория и системы управления},
language = {russian},
number = {2},
pages = {92--120},
title = {{Самоорганизация и многоагентные системы. I. Модели многоагентной самоорганизации}},
year = {2012}
}
@article{Panov2015e,
abstract = {В работе рассмотрен ряд вопросов, возникающих в области автоматизации управления малыми беспилотными летательными аппаратами (БПЛА) мультироторного типа. Предложена совокупность методов планирования и управления, рассмотрена задача организации взаимодействия различных методов и алгоритмов (авторских и известных) в единую интеллектуальную систему управления БПЛА. Предлагается использование трех уровней управления – стратегического, тактического и реактивного, описывается соответствующая архитектура – STRL (от англ. strategic, tactical, reactive, layered). Использование этой архитектуры позволит автоматизировать управление коалициями БПЛА при решении широкого круга задач в различных средах.},
author = {Макаров, Д. А. and Панов, А. И. and Яковлев, К. С.},
file = {:C$\backslash$:/Users/sanek/Documents/Mendeley Desktop/Искусственный интеллект и принятие решений/2015/Макаров, Панов, Яковлев - 2015.pdf:pdf;:C$\backslash$:/Users/sanek/Documents/Mendeley Desktop/Искусственный интеллект и принятие решений/2015/Макаров, Панов, Яковлев - 2015.doc:doc;:C$\backslash$:/Users/sanek/Documents/Mendeley Desktop/Искусственный интеллект и принятие решений/2015/Макаров, Панов, Яковлев - 2015.pdf:pdf},
journal = {Искусственный интеллект и принятие решений},
keywords = {14-11-00692,elibrary,mypub,vak,беспилотные летательные аппараты,знаковая картина мира,интеллектуальная система управления,многоуровневая архитектура,нелинейное управление,планирование траектории,уравнение Риккати},
language = {russian},
mendeley-tags = {14-11-00692,elibrary,mypub,vak},
number = {3},
pages = {18--33},
title = {{Архитектура многоуровневой интеллектуальной системы управления беспилотными летательными аппаратами}},
year = {2015}
}
@article{Pospelov1996,
author = {Поспелов, Д. А.},
file = {:C$\backslash$:/Users/sanek/Documents/Mendeley Desktop/Программные продукты и системы/1996/Поспелов - 1996.pdf:pdf},
journal = {Программные продукты и системы},
language = {russian},
number = {3},
pages = {10--13},
title = {{Прикладная семиотика и искусственный интеллект}},
year = {1996}
}
@article{Zubarev2013,
abstract = {В статье рассматриваются и анализируются различные подходы к построению архитектуры системы управления беспилотным летательным аппаратом типа «вертолет». На основании проведенного анализа делается вывод о целесообразности применения иерархической, трехуровневой схемы – стратегический уровень, тактический уровень, уровень управления. Описываются решаемые на каждом уровне задачи и дается краткая характеристика методов, подходов и алгоритмов, потенциально применимых для их решения, выделяются наиболее перспективные на взгляд авторов методы и подходы.},
author = {Зубарев, Д. В. and Макаров, Д. А. and Панов, А. И. and Яковлев, К. С.},
file = {:C$\backslash$:/Users/sanek/Documents/Mendeley Desktop/Авиакосмическое приборостроение/2013/Зубарев et al. - 2013.pdf:pdf;:C$\backslash$:/Users/sanek/Documents/Mendeley Desktop/Авиакосмическое приборостроение/2013/Зубарев et al. - 2013.docx:docx},
journal = {Авиакосмическое приборостроение},
keywords = {12-07-00611,12-07-31057,12-07-31058,elibrary,mypub,алгоритмы управления,архитектура системы управления,беспилотные летательные аппараты,вертолеты,когнитивное компьютерное моделирование,методы планирования траекторий,регуляторы},
language = {russian},
mendeley-tags = {12-07-00611,12-07-31057,12-07-31058,elibrary,mypub},
number = {4},
pages = {10--28},
title = {{Принципы построения многоуровневых архитектур систем управления беспилотными летательными аппаратами}},
year = {2013}
}
@article{Panov2016d,
abstract = {В работе исследуется задача автоматического планирования в контексте более общей проблемы создания интеллектуальных систем управления сложными техническими объектами (мобильными роботами, беспилотными транспортными средствами и др.). Основное внимание уделяется задачам, которые не могут быть решены без взаимодействия методов стратегического (символьного) и тактического (субсимвольного) планирования. В работе предлагаются оригинальные методы планирования на символьном (психологически правдоподобное планирование поведения агента) и субсимвольном (планирование траектории) уровнях. Описываются способы их взаимной увязки и возникающие прямые и обратные связи. Приводится описание применения указанных алгоритмов на модельном примере задачи коллективного перемещения в динамической среде с разрушаемыми препятствиями.},
author = {Панов, А. И. and Яковлев, К. С.},
file = {:C$\backslash$:/Users/sanek/Documents/Mendeley Desktop/Искусственный интеллект и принятие решений/2016/Панов, Яковлев - 2016.doc:doc;:C$\backslash$:/Users/sanek/Documents/Mendeley Desktop/Искусственный интеллект и принятие решений/2016/Панов, Яковлев - 2016.pdf:pdf},
journal = {Искусственный интеллект и принятие решений},
keywords = {15-37-20893,16-37-60055,A*,JPS,LIAN,elibrary,mypub,vak,автоматическое планирование,знаковая картина мира,значение,интеллектуальное планирование,личностный смысл,образ,планирование,планирование поведения,планирование траектории,эвристический поиск},
language = {russian},
mendeley-tags = {15-37-20893,16-37-60055,elibrary,mypub,vak},
number = {4},
pages = {68--78},
title = {{Взаимодействие стратегического и тактического планирования поведения коалиций агентов в динамической среде}},
url = {http://aidt.ru/index.php?option=com{\_}content{\&}view=article{\&}id=740:a-i-panov-k-s-yakovlev-vzaimodejstvie-strategicheskogo-i-takticheskogo-planirovaniya-povedeniya-koalitsii-agentov-v-dinamicheskoj-srede{\&}catid=291:modelirovanie-povedeniya-i-upravlenie{\&}Itemid=},
year = {2016}
}
@article{Botvinick2012,
abstract = {The hierarchical structure of human and animal behavior has been of critical interest in neuroscience for many years. Yet understanding the neural processes that give rise to such structure remains an open challenge. In recent research, a new perspective on hierarchical behavior has begun to take shape, inspired by ideas from machine learning, and in particular the framework of hierarchical reinforcement learning. Hierarchical reinforcement learning builds on traditional reinforcement learning mechanisms, extending them to accommodate temporally extended behaviors or subroutines. The resulting computational paradigm has begun to influence both theoretical and empirical work in neuroscience, conceptually aligning the study of hierarchical behavior with research on other aspects of learning and decision making, and giving rise to some thought-provoking new findings. ?? 2012.},
author = {Botvinick, Matthew Michael},
doi = {10.1016/j.conb.2012.05.008},
file = {:C$\backslash$:/Users/sanek/Documents/Mendeley Desktop/Current Opinion in Neurobiology/2012/Botvinick - 2012.pdf:pdf},
isbn = {0818653302},
issn = {09594388},
journal = {Current Opinion in Neurobiology},
number = {6},
pages = {956--962},
pmid = {22695048},
publisher = {Elsevier Ltd},
title = {{Hierarchical reinforcement learning and decision making}},
url = {http://dx.doi.org/10.1016/j.conb.2012.05.008},
volume = {22},
year = {2012}
}
@book{Leontiev1977,
address = {М.},
author = {Леонтьев, Алексей Николаевич},
edition = {Изд. 2-е},
file = {:C$\backslash$:/Users/sanek/Documents/Mendeley Desktop/Unknown/1977/Леонтьев - 1977.pdf:pdf},
keywords = {psycho},
language = {russian},
mendeley-tags = {psycho},
pages = {304},
publisher = {Политиздат},
title = {{Деятельность. Сознание. Личность}},
year = {1977}
}
@misc{Presentation2016b,
author = {Панов, А. И.},
file = {:C$\backslash$:/Users/sanek/Documents/Mendeley Desktop/Unknown/2016/Панов - 2016(3).pdf:pdf},
pages = {23},
title = {{Теория когнитома Анохина}},
year = {2016}
}
@inproceedings{Panov2012c,
abstract = {В работе представлена архитектура интеллектуального агента, поведение которого моделирует процесс принятия решения специалистом в некоторой предметной области. Знания агента хранятся в знаковой форме, коммуникации агентов между собой осуществляются с помощью знакового опосредования. Описывается система проведения экспериментов с такими интеллектуальными агентами, реализованная на основе мультиагентной системы Jadex. Также представлен анализ данных серии экспермиентов, проведенных в построенной системе для интеллектуальных агентов, моделирующих процесс интерпретации жалоб психологом-консультантом.},
address = {Рыбинск},
author = {Панов, А. И.},
booktitle = {Теория и практика системного анализа: Труды II Всероссийской научной конференции молодых учёных с международным участием},
file = {:C$\backslash$:/Users/sanek/Documents/Mendeley Desktop/Теория и практика системного анализа Труды II Всероссийской научной конференции молодых учёных с международным участием/2012/Панов - 2012.pdf:pdf;:C$\backslash$:/Users/sanek/Documents/Mendeley Desktop/Теория и практика системного анализа Труды II Всероссийской научной конференции молодых учёных с международным участием/2012/Панов - 2012(2).pdf:pdf;:C$\backslash$:/Users/sanek/Documents/Mendeley Desktop/Теория и практика системного анализа Труды II Всероссийской научной конференции молодых учёных с международным участием/2012/Панов - 2012.doc:doc},
keywords = {myconf},
language = {russian},
mendeley-tags = {myconf},
pages = {126--137},
publisher = {РГАТУ имени П.А. Соловьева},
title = {{Моделирование процесса принятия решения агентом со знаковой картиной мира}},
volume = {I},
year = {2012}
}
@phdthesis{Panov2015g,
abstract = {Построена модель компонент знака—элемента картины мира субъекта деятельности в рамках сегодняшних представлений о функционировании мозга и психики человека. Построены четыре типа операторов распознавания (два статических оператора, динамический и иерархический операторы) в терминах алгебраической теории для образной компоненты знака. Доказаны теоремы корректности линейных замыканий множеств построенных в работе операторов распознавания (статических, динамического и иерархического).},
author = {Панов, А. И.},
file = {:C$\backslash$:/Users/sanek/Documents/Mendeley Desktop/Unknown/2015/Панов - 2015.pdf:pdf;:C$\backslash$:/Users/sanek/Documents/Mendeley Desktop/Unknown/2015/Панов - 2015(2).pdf:pdf},
keywords = {14-07-31194,myth},
language = {russian},
mendeley-tags = {14-07-31194,myth},
pages = {118},
school = {Федеральное государственное бюджетное учреждение науки Институт системного анализа Российской академии наук},
title = {{Исследование методов, разработка моделей и алгоритмов формирования элементов знаковой картины мира субъекта деятельности}},
year = {2015}
}
@misc{Presentation2016b,
author = {Панов, А. И.},
file = {:C$\backslash$:/Users/sanek/Documents/Mendeley Desktop/Unknown/2016/Панов - 2016.pdf:pdf},
pages = {19},
title = {{Биологически и психологически правдоподобные методы моделирования в искусственном интеллекте}},
year = {2016}
}
@inproceedings{Rasmussen1998,
author = {Rasmussen, Daniel and Eliasmith, Chris},
booktitle = {Proceedings of the 36th Annual Conference of the Cognitive Science Society},
file = {:C$\backslash$:/Users/sanek/Documents/Mendeley Desktop/Proceedings of the 36th Annual Conference of the Cognitive Science Society/2014/Rasmussen, Eliasmith - 2014.pdf:pdf},
keywords = {brain could achieve its,hierarchical,hrl into a theory,neural engineering framework,neural model,of neural function,providing a hypothe-,reinforcement learning,sis for how the,strengths in scaling},
number = {1},
pages = {1252--1257},
title = {{A neural model of hierarchical reinforcement learning}},
year = {2014}
}
@article{Granatyr2015,
abstract = {Finding reliable partners to interact with in open environments is a challenging task for software agents, and trust and reputation mechanisms are used to handle this issue. From this viewpoint, we can observe the growing body of research on this subject, which indicates that these mechanisms can be considered key elements to design multiagent systems (MASs). Based on that, this article presents an extensive but not exhaustive review about the most significant trust and reputation models published over the past two decades, and hundreds of models were analyzed using two perspectives. The first one is a combination of trust dimensions and principles proposed by some relevant authors in the field, and the models are discussed using an MAS perspective. The second one is the discussion of these dimensions taking into account some types of interaction found in MASs, such as coalition, argumentation, negotiation, and recommendation. By these analyses, we aim to find significant relations between trust dimensions and types of interaction so it would be possible to construct MASs using the most relevant dimensions according to the types of interaction, which may help developers in the design of MASs. es, and Fabr{\'{i}}cio Enembreck. 2015. Trust and reputation models for multiagent systems. ACM Comput. Surv. 48, 2, Article 27 (October 2015), 42 pages.},
author = {Granatyr, Jones and Botelho, Vanderson and Lessing, Otto Robert and Scalabrin, Edson Em{\'{i}}lio and Barth{\`{e}}s, Jean-Paul and Enembreck, Fabr{\'{i}}cio},
doi = {10.1145/2816826},
file = {::},
isbn = {0360-0300},
issn = {03600300},
journal = {ACM Computing Surveys},
number = {2},
pages = {1--42},
title = {{Trust and Reputation Models for Multiagent Systems}},
url = {http://dl.acm.org/citation.cfm?doid=2830539.2816826},
volume = {48},
year = {2015}
}
@article{George2009,
abstract = {The theoretical setting of hierarchical Bayesian inference is gaining acceptance as a framework for understanding cortical computation. In this paper, we describe how Bayesian belief propagation in a spatio-temporal hierarchical model, called Hierarchical Temporal Memory (HTM), can lead to a mathematical model for cortical circuits. An HTM node is abstracted using a coincidence detector and a mixture of Markov chains. Bayesian belief propagation equations for such an HTM node define a set of functional constraints for a neuronal implementation. Anatomical data provide a contrasting set of organizational constraints. The combination of these two constraints suggests a theoretically derived interpretation for many anatomical and physiological features and predicts several others. We describe the pattern recognition capabilities of HTM networks and demonstrate the application of the derived circuits for modeling the subjective contour effect. We also discuss how the theory and the circuit can be extended to explain cortical features that are not explained by the current model and describe testable predictions that can be derived from the model.},
author = {George, Dileep and Hawkins, Jeff},
doi = {10.1371/journal.pcbi.1000532},
file = {:C$\backslash$:/Users/sanek/Documents/Mendeley Desktop/PLoS computational biology/2009/George, Hawkins - 2009.pdf:pdf},
issn = {1553-7358},
journal = {PLoS computational biology},
keywords = {Artificial Intelligence,Automated,Automated: methods,Bayes Theorem,Cerebral Cortex,Cerebral Cortex: physiology,Feedback,Markov Chains,Memory,Memory: physiology,Models,Neurological,Pattern Recognition,Pyramidal Cells,Pyramidal Cells: physiology},
number = {10},
pages = {e1000532},
pmid = {19816557},
title = {{Towards a mathematical theory of cortical micro-circuits}},
url = {http://www.pubmedcentral.nih.gov/articlerender.fcgi?artid=2749218{\&}tool=pmcentrez{\&}rendertype=abstract},
volume = {5},
year = {2009}
}
@article{Gordon,
author = {Gordon, Joshua},
title = {{Spoken Dialog System Architecture}}
}
@article{Osipov2015d,
abstract = {Рассматриваются процедуры формирования элемента картины мира субъекта деятельности (знака), введенные в первой части работы. Исследуется процесс формирование пары образ – значение знака с учетом современных представлений о строении и функционировании коры головного мозга человека. Строится алгоритм синтеза плана поведения и предлагается новая архитектура интеллектуальных агентов, обладающих, в частности, способностями к распределению ролей в коалициях.},
author = {Осипов, Г. С. and Панов, А. И. and Чудова, Н. В.},
doi = {10.7868/S0002338815050108},
file = {:C$\backslash$:/Users/sanek/Documents/Mendeley Desktop/Известия Российский академии наук. Теория и системы управления/2015/Осипов, Панов, Чудова - 2015.pdf:pdf},
isbn = {0002-3388},
journal = {Известия Российский академии наук. Теория и системы управления},
keywords = {14-11-00692,15-07-06214,elibrary,mypub,vak},
language = {russian},
mendeley-tags = {14-11-00692,15-07-06214,elibrary,mypub,vak},
number = {6},
pages = {47--61},
title = {{Управление поведением как функция сознания. II. Синтез плана поведения}},
year = {2015}
}
@article{Roy2005,
author = {Roy, D.},
doi = {10.1016/j.artint.2005.04.007},
file = {:C$\backslash$:/Users/sanek/Documents/Mendeley Desktop/Artificial Intelligence/2005/Roy - 2005.pdf:pdf},
issn = {00043702},
journal = {Artificial Intelligence},
keywords = {1,action,and consequently our ability,and the physical world,cross-modal,embodied,grounding,language,language and meaning,meaning,multimodal,perception,representation,schemas,semiotic,semiotics,situated,the relationship between words,to},
mendeley-tags = {semiotics},
number = {1-2},
pages = {170--205},
title = {{Semiotic schemas: A framework for grounding language in action and perception}},
url = {http://linkinghub.elsevier.com/retrieve/pii/S0004370205001037},
volume = {167},
year = {2005}
}
@article{Chudova2012b,
author = {Чудова, Н. В.},
file = {:C$\backslash$:/Users/sanek/Documents/Mendeley Desktop/Искусственный интеллект и принятие решений/2012/Чудова - 2012.pdf:pdf},
journal = {Искусственный интеллект и принятие решений},
keywords = {12-07-00611,psycho},
language = {russian},
mendeley-tags = {12-07-00611,psycho},
number = {2},
pages = {51--62},
title = {{Концептуальная модель картины мира для задачи моделирования поведения, основанного на сознании}},
year = {2012}
}
@article{Potamianos2005a,
author = {Potamianos, Alexandros and Narayanan, Shrikanth and Member, Senior and Riccardi, Giuseppe},
doi = {10.1007/978-3-540-49127-9_35},
isbn = {9781598295993},
issn = {1947-4040},
journal = {Audio},
number = {3},
pages = {321--329},
title = {{Spoken Dialogue Systems}},
volume = {13},
year = {2005}
}
@article{Kaelbling2013,
abstract = {We describe an integrated strategy for planning, perception, state estimation and action in complex mobile manipulation domains based on planning in the belief space of probability distributions over states using hierarchical goal regression (pre-image back-chaining). We develop a vocabulary of logical expressions that describe sets of belief states, which are goals and subgoals in the planning process. We show that a relatively small set of symbolic operators can give rise to task-oriented perception in support of the manipulation goals. An implementation of this method is demonstrated in simulation and on a real PR2 robot, showing robust, flexible solution of mobile manipulation problems with multiple objects and substantial uncertainty.},
author = {Kaelbling, Leslie Pack and Lozano-P{\'{e}}rez, Tomas},
doi = {10.1177/0278364913484072},
file = {:C$\backslash$:/Users/sanek/Documents/Mendeley Desktop/The International Journal of Robotics Research/2013/Kaelbling, Lozano-P{\'{e}}rez - 2013.pdf:pdf},
isbn = {0278-3649},
issn = {0278-3649},
journal = {The International Journal of Robotics Research},
number = {9-10},
pages = {1194--1227},
title = {{Integrated task and motion planning in belief space}},
url = {http://ijr.sagepub.com/content/32/9-10/1194.abstract?etoc},
volume = {32},
year = {2013}
}
@article{Guo2016,
author = {Guo, Meng and Dimarogonas, Dimos V},
doi = {10.1109/TASE.2016.2628389},
file = {::},
issn = {15455955},
pages = {1--12},
title = {{Task and Motion Coordination for Heterogeneous Multiagent Systems With Loosely Coupled Local Tasks}},
year = {2016}
}
@article{Pellom2001,
author = {Pellom, B. and Ward, W. and Hansen, J. and Cole, R. and Hacioglu, K. and Zhang, J. and Yu, X. and Pradhan, S.},
doi = {10.3115/1072133.1072225},
journal = {Proceedings of the first international conference on Human language technology research - HLT '01},
pages = {1--6},
title = {{University of Colorado dialog systems for travel and navigation}},
url = {http://portal.acm.org/citation.cfm?doid=1072133.1072225},
year = {2001}
}
@book{Hadad2013,
author = {Hadad, Meirav and Kraus, Sarit and {Ben-Arroyo Hartman}, Irith and Rosenfeld, Avi},
booktitle = {Annals of Mathematics and Artificial Intelligence},
doi = {10.1007/s10472-013-9363-9},
file = {::},
isbn = {1047201393639},
issn = {10122443},
keywords = {Artificial intelligence,Cooperation,Coordination,Multiagent system,Planning,Time constraints},
number = {3},
pages = {243--291},
title = {{Group planning with time constraints}},
volume = {69},
year = {2013}
}
@article{Hiraoka2017,
author = {Hiraoka, Takuya and Neubig, Graham and Yoshino, Koichiro and Toda, Tomoki and Nakamura, Satoshi},
doi = {10.1007/978-981-10-2585-3_5},
isbn = {9789811025846},
issn = {18761119},
journal = {Lecture Notes in Electrical Engineering},
keywords = {Active learning,Dialog management,Example-based dialog},
pages = {67--78},
title = {{Active learning for example-based dialog systems}},
volume = {999 LNEE},
year = {2017}
}
@article{Fang2014,
author = {Fang, Rui and Doering, Malcolm and Chai, Jy},
isbn = {9781577356783},
journal = {Proceedings of the Twenty-Eighth AAAI Conference on Artificial Intelligence},
keywords = {NLP and Machine Learning},
number = {Dale 1995},
pages = {1544--1550},
title = {{Collaborative Models for Referring Expression Generation in Situated Dialogue}},
url = {http://cse.msu.edu/{\%}7B{~}{\%}7Dfangrui/Papers/aaai2014-REG.pdf},
year = {2014}
}
@article{Chandrasekaran2017,
author = {Chandrasekaran, Muthukumaran and Doshi, Prashant and Zeng, Yifeng and Chen, Yingke},
doi = {10.1007/s10458-016-9354-4},
file = {::},
issn = {1387-2532},
journal = {Autonomous Agents and Multi-Agent Systems},
keywords = {Multiagent systems,Ad hoc teamwork,Sequential deci},
number = {4},
pages = {821--860},
publisher = {Springer US},
title = {{Can bounded and self-interested agents be teammates? Application to planning in ad hoc teams}},
url = {http://link.springer.com/10.1007/s10458-016-9354-4},
volume = {31},
year = {2017}
}
@phdthesis{George2008,
author = {George, Dileep},
file = {:C$\backslash$:/Users/sanek/Documents/Mendeley Desktop/Unknown/2008/George - 2008.pdf:pdf},
number = {June},
pages = {191},
school = {Stanford University},
title = {{How the Brain Might Work: a Hierarchical and Temporal Model for Learning and Recognition}},
year = {2008}
}
@article{Johnston2013,
abstract = {We explore the plausibility of using automated spoken dialog systems (SDS) for administer- ing survey interviews. Because the goals of a survey dialog system differ from more tradi- tional information-seeking and transactional applications, different measures of task accu- racy and success may be warranted. We report a large-scale experimental evaluation of an SDS that administered survey interviews with questions drawn from government and social scientific surveys. We compare two dialog confirmation strategies: (1) a traditional strate- gy of explicit confirmation on low-confidence recognition; and (2) no confirmation. With ex- plicit confirmation, the small percentage of re- sidual errors had little to no impact on survey data measurement. Even without confirmation, while there are significantly more errors, im- pact on the substantive conclusions of the sur- vey is still very limited.},
author = {Johnston, Michael and Ehlen, Patrick and Conrad, Frederick G and Schober, Michael F and Antoun, Christopher and Fail, Stefanie and Hupp, Andrew and Vickers, Lucas and Yan, Huiying and Zhang, Chan},
isbn = {9781937284954},
journal = {Proceedings of the SIGdial 2013 Conference: The 14th Annual Meeting of the Special Interest Group on Discourse and Dialogue},
number = {August},
pages = {329--333},
title = {{Spoken Dialog Systems for Automated Survey Interviewing}},
url = {http://mfschober.net/Johnstonetal13.pdf},
year = {2013}
}
@article{Duffy2008,
author = {Duffy, Brian},
journal = {Processing},
pages = {1--12},
title = {{Conversational Agents}},
year = {2008}
}
@incollection{Hoek2007,
author = {van der Hoek, Wiebe and Wooldridge, Michael},
booktitle = {Handbook of Knowledge Representation},
file = {:C$\backslash$:/Users/sanek/Documents/Mendeley Desktop/Handbook of Knowledge Representation/2007/Hoek, Wooldridge - 2007.pdf:pdf},
pages = {1--44},
title = {{Multi-Agent Systems}},
year = {2007}
}
@phdthesis{Rasmussen2014,
author = {Rasmussen, Daniel},
file = {:C$\backslash$:/Users/sanek/Documents/Mendeley Desktop/Unknown/2014/Rasmussen - 2014.pdf:pdf},
pages = {175},
school = {Unversetu of Waterloo},
title = {{Hierarchical reinforcement learning in a biologically plausible neural architecture}},
year = {2014}
}
