Automatically generated by Mendeley Desktop 1.17.6
Any changes to this file will be lost if it is regenerated by Mendeley.

BibTeX export options can be customized via Options -> BibTeX in Mendeley Desktop

@techreport{Cortical2014,
author = {Hawkins, Jeff and Ahmad, Subutai and Byrne, Fergal and Surpur, Chetan},
file = {:C$\backslash$:/Users/sanek/Documents/Mendeley Desktop/Unknown/2014/Hawkins et al. - 2014.pdf:pdf},
institution = {Numenta},
keywords = {htm},
mendeley-tags = {htm},
pages = {62},
title = {{Hierarchical Temporal Memory including HTM Cortical Learning Algorithms}},
url = {numenta.org},
year = {2014}
}
