Automatically generated by Mendeley Desktop 1.17.6
Any changes to this file will be lost if it is regenerated by Mendeley.

BibTeX export options can be customized via Options -> BibTeX in Mendeley Desktop

@article{Costin2013,
author = {Costin, Hariton},
file = {:C$\backslash$:/Users/sanek/Documents/Mendeley Desktop/International Journal of Computers, Communications and Control/2013/Costin - 2013.pdf:pdf},
issn = {18419844},
journal = {International Journal of Computers, Communications and Control},
keywords = {Biomedical image processing,Fuzzy rules,Fuzzy systems,Image segmentation},
number = {2},
pages = {196--205},
title = {{A fuzzy rules-based segmentation method for medical images analysis}},
volume = {8},
year = {2013}
}
