Automatically generated by Mendeley Desktop 1.17.6
Any changes to this file will be lost if it is regenerated by Mendeley.

BibTeX export options can be customized via Options -> BibTeX in Mendeley Desktop

@incollection{Cotterill1987,
author = {Cotterill, Rodney M. J.},
booktitle = {Physics in Living Matter},
editor = {Baeriswyl, Dionys and Droz, Michel and Malaspinas, Andreas and Martinoli, Piero},
file = {:C$\backslash$:/Users/sanek/Documents/Mendeley Desktop/Physics in Living Matter/1987/Cotterill - 1987.pdf:pdf},
pages = {138--151},
publisher = {Springer-Verlag},
title = {{Physics of the Brain}},
year = {1987}
}
