Automatically generated by Mendeley Desktop 1.17.6
Any changes to this file will be lost if it is regenerated by Mendeley.

BibTeX export options can be customized via Options -> BibTeX in Mendeley Desktop

@article{Crawford2016,
author = {Crawford, Eric and Gingerich, Matthew and Eliasmith, Chris},
doi = {10.1111/cogs.12261},
file = {:C$\backslash$:/Users/sanek/Documents/Mendeley Desktop/Cognitive Science/2016/Crawford, Gingerich, Eliasmith - 2016.pdf:pdf},
issn = {03640213},
journal = {Cognitive Science},
keywords = {biologically plausible,connectionism,knowledge representation,neural network,scaling,vector symbolic architecture,wordnet},
number = {4},
pages = {782--821},
pmid = {26173464},
title = {{Biologically Plausible, Human-Scale Knowledge Representation}},
url = {http://doi.wiley.com/10.1111/cogs.12261},
volume = {40},
year = {2016}
}
