Automatically generated by Mendeley Desktop 1.17.6
Any changes to this file will be lost if it is regenerated by Mendeley.

BibTeX export options can be customized via Options -> BibTeX in Mendeley Desktop

@article{Crosby2015,
author = {Crosby, Matthew},
file = {:C$\backslash$:/Users/sanek/Documents/Mendeley Desktop/ICAPS Proceedings of the Competition of Distributed and Multi-Agent Planners (CoDMAP-15)/2015/Crosby - 2015.pdf:pdf},
journal = {ICAPS Proceedings of the Competition of Distributed and Multi-Agent Planners (CoDMAP-15)},
pages = {4--7},
title = {{ADP an Agent Decomposition Planner CoDMAP 2015}},
year = {2015}
}
