Automatically generated by Mendeley Desktop 1.17.6
Any changes to this file will be lost if it is regenerated by Mendeley.

BibTeX export options can be customized via Options -> BibTeX in Mendeley Desktop

@inproceedings{Cubek2015,
author = {Cubek, Richard and Ertel, Wolfgang},
booktitle = {Proceedings of the 2015 IEEE International Conference on Robotics and Automation (ICRA), Seattle, Washington, USA, May 26-30, 2015},
file = {:C$\backslash$:/Users/sanek/Documents/Mendeley Desktop/Proceedings of the 2015 IEEE International Conference on Robotics and Automation (ICRA), Seattle, Washington, USA, May 26-30, 2015/2015/Cubek, Ertel - 2015.pdf:pdf},
isbn = {9781479969234},
pages = {2592--2597},
publisher = {IEEE},
title = {{High-Level Learning from Demonstration with Conceptual Spaces and Subspace Clustering}},
year = {2015}
}
