Automatically generated by Mendeley Desktop 1.17.6
Any changes to this file will be lost if it is regenerated by Mendeley.

BibTeX export options can be customized via Options -> BibTeX in Mendeley Desktop

@article{Culhane1995,
author = {Tsotsos, John K. and Culhane, Sean M and Wai, Winky Yan Kei and Lai, Yuzhong and Davis, Neal and Nuflo, Fernando},
file = {:C$\backslash$:/Users/sanek/Documents/Mendeley Desktop/Artificial Intelligence/1995/Tsotsos et al. - 1995.pdf:pdf},
journal = {Artificial Intelligence},
number = {78},
pages = {507--545},
title = {{Modeling visual attention via selective tuning}},
year = {1995}
}
