Automatically generated by Mendeley Desktop 1.17.6
Any changes to this file will be lost if it is regenerated by Mendeley.

BibTeX export options can be customized via Options -> BibTeX in Mendeley Desktop

@book{Danilova2012,
address = {М.},
author = {Данилова, Н. Н.},
file = {:C$\backslash$:/Users/sanek/Documents/Mendeley Desktop/Unknown/2012/Данилова - 2012.pdf:pdf},
language = {russian},
pages = {368},
publisher = {Аспект Пресс},
title = {{Психофизиология: Учебник для вузов}},
year = {2012}
}
