Automatically generated by Mendeley Desktop 1.17.6
Any changes to this file will be lost if it is regenerated by Mendeley.

BibTeX export options can be customized via Options -> BibTeX in Mendeley Desktop

@article{Davtlat2013,
author = {Давлетбакова, З. Л.},
file = {:C$\backslash$:/Users/sanek/Documents/Mendeley Desktop/Современные проблемы науки и образования/2013/Давлетбакова - 2013.pdf:pdf},
journal = {Современные проблемы науки и образования},
keywords = {fuzzy inference,fuzzy logic,geographic information systems,objects,planning,spatial description of,the problem of territorial},
language = {russian},
number = {6},
pages = {1--8},
title = {{Построение модели обработки пространственной информации на основе методов нечеткой логики}},
year = {2013}
}
