Automatically generated by Mendeley Desktop 1.17.6
Any changes to this file will be lost if it is regenerated by Mendeley.

BibTeX export options can be customized via Options -> BibTeX in Mendeley Desktop

@article{DeFelipe2012,
author = {DeFelipe, Javier},
doi = {10.3389/fnana.2012.00022},
file = {:C$\backslash$:/Users/sanek/Documents/Mendeley Desktop/Frontiers in Neuroanatomy/2012/DeFelipe - 2012.pdf:pdf},
issn = {16625129},
journal = {Frontiers in Neuroanatomy},
keywords = {Cerebral Cortex,cortical processes,cortical unit,macrocolumn's function,minicolumns,neocortical column},
language = {English},
publisher = {Frontiers},
title = {{The neocortical column}},
url = {http://journal.frontiersin.org/Journal/10.3389/fnana.2012.00022/abstract},
volume = {6},
year = {2012}
}
