Automatically generated by Mendeley Desktop 1.17.6
Any changes to this file will be lost if it is regenerated by Mendeley.

BibTeX export options can be customized via Options -> BibTeX in Mendeley Desktop

@article{Dehaene2014,
author = {Dehaene, Stanislas and Charles, Lucie and King, Jean-R{\'{e}}mi and Marti, S{\'{e}}bastien},
doi = {10.1016/j.conb.2013.12.005},
file = {:C$\backslash$:/Users/sanek/Documents/Mendeley Desktop/Current Opinion in Neurobiology/2014/Dehaene et al. - 2014.pdf:pdf},
issn = {09594388},
journal = {Current Opinion in Neurobiology},
number = {1947},
pages = {76--84},
title = {{Toward a computational theory of conscious processing}},
url = {http://linkinghub.elsevier.com/retrieve/pii/S0959438813002298},
volume = {25},
year = {2014}
}
