Automatically generated by Mendeley Desktop 1.17.6
Any changes to this file will be lost if it is regenerated by Mendeley.

BibTeX export options can be customized via Options -> BibTeX in Mendeley Desktop

@article{Derbinsky2010,
author = {Derbinsky, Nate and Laird, John E},
file = {:C$\backslash$:/Users/sanek/Documents/Mendeley Desktop/Proceedings of the Remembering Who We Are – Human Memory for Artificial Agents Symposium, AISB 2010/2010/Derbinsky, Laird - 2010.pdf:pdf},
isbn = {1902956893},
journal = {Proceedings of the Remembering Who We Are – Human Memory for Artificial Agents Symposium, AISB 2010},
keywords = {cog{\_}arch},
mendeley-tags = {cog{\_}arch},
pages = {31--37},
title = {{Extending Soar with Dissociated Symbolic Memories}},
year = {2010}
}
