Automatically generated by Mendeley Desktop 1.17.6
Any changes to this file will be lost if it is regenerated by Mendeley.

BibTeX export options can be customized via Options -> BibTeX in Mendeley Desktop

@book{Deutsch2001,
address = {Ижевск},
author = {Дойч, Д.},
file = {:C$\backslash$:/Users/sanek/Documents/Mendeley Desktop/Unknown/2001/Дойч - 2001.pdf:pdf},
isbn = {5-93972-040-4},
language = {russian},
pages = {400},
publisher = {НИЦ РХД},
title = {{Структура реальности}},
translator = {Зубченко, Н. А.},
year = {2001}
}
