Automatically generated by Mendeley Desktop 1.17.6
Any changes to this file will be lost if it is regenerated by Mendeley.

BibTeX export options can be customized via Options -> BibTeX in Mendeley Desktop

@inproceedings{Dickens2010,
author = {Dickens, Luke and Broda, Krysia and Russo, Alessandra},
booktitle = {ECAI 2010: 19th European Conference on Artificial Intelligence, 16-20 August 2010, Lisbon, Portugal : Including Prestigious Applications of Artificial Intelligence (PAIS-2010) : Proceedings},
doi = {10.3233/978-1-60750-606-5-367},
file = {:C$\backslash$:/Users/sanek/Documents/Mendeley Desktop/ECAI 2010 19th European Conference on Artificial Intelligence, 16-20 August 2010, Lisbon, Portugal Including Prestigious Applications of Ar./2010/Dickens, Broda, Russo - 2010.pdf:pdf},
isbn = {9781607506065},
pages = {367--372},
title = {{The Dynamics of Multi-Agent Reinforcement Learning}},
year = {2010}
}
