Automatically generated by Mendeley Desktop 1.17.6
Any changes to this file will be lost if it is regenerated by Mendeley.

BibTeX export options can be customized via Options -> BibTeX in Mendeley Desktop

@inproceedings{Dietterich1983,
author = {Dietterich, Tom and Michalski, Ryszard S.},
booktitle = {Proceedings of the International Machine Learning Workshop},
file = {:C$\backslash$:/Users/sanek/Documents/Mendeley Desktop/Proceedings of the International Machine Learning Workshop/1983/Dietterich, Michalski - 1983.pdf:pdf},
pages = {41--57},
title = {{Discovering Patterns in Seuences of Objects}},
year = {1983}
}
