Automatically generated by Mendeley Desktop 1.17.6
Any changes to this file will be lost if it is regenerated by Mendeley.

BibTeX export options can be customized via Options -> BibTeX in Mendeley Desktop

@book{Dmap2015,
address = {Jerusalem},
editor = {Komenda, Anton{\'{i}}n and {\v{S}}tolba, Michal and Kovacs, D{\'{a}}niel L and P{\v{e}}chou{\v{c}}ek, Michal},
file = {:C$\backslash$:/Users/sanek/Documents/Mendeley Desktop/Unknown/2015/Unknown - 2015(2).pdf:pdf},
keywords = {plan},
mendeley-tags = {plan},
pages = {94},
title = {{ICAPS Proceedings of the 3rd Workshop on Distributed and Multi-Agent Planning (DMAP-2015)}},
year = {2015}
}
