Automatically generated by Mendeley Desktop 1.17.6
Any changes to this file will be lost if it is regenerated by Mendeley.

BibTeX export options can be customized via Options -> BibTeX in Mendeley Desktop

@incollection{Dobnik2013,
author = {Dobnik, Simon and Cooper, Robin},
booktitle = {Constraint Solving and Language Processing},
doi = {10.1007/978-3-642-41578-4_5},
editor = {Duchier, Denys and Parmentier, Yannick},
file = {:C$\backslash$:/Users/sanek/Documents/Mendeley Desktop/Constraint Solving and Language Processing/2013/Dobnik, Cooper - 2013.pdf:pdf},
keywords = {action,formal semantics,language,learning and classification,perception,scriptions,spatial de-},
pages = {70--91},
publisher = {Springer Berlin Heidelberg},
series = {Lecture Notes in Computer Science},
title = {{Modelling language, action, and perception in Type Theory with Records}},
year = {2013}
}
