Automatically generated by Mendeley Desktop 1.17.6
Any changes to this file will be lost if it is regenerated by Mendeley.

BibTeX export options can be customized via Options -> BibTeX in Mendeley Desktop

@article{Douglas1989c,
author = {Douglas, Rodney J and Martin, Kevan A C and Whitteridge, David},
file = {:C$\backslash$:/Users/sanek/Documents/Mendeley Desktop/Neural Computation/1989/Douglas, Martin, Whitteridge - 1989.pdf:pdf},
journal = {Neural Computation},
title = {{A Canonical Microcircuit for Neocortex}},
year = {1989}
}
