Automatically generated by Mendeley Desktop 1.17.6
Any changes to this file will be lost if it is regenerated by Mendeley.

BibTeX export options can be customized via Options -> BibTeX in Mendeley Desktop

@inproceedings{Drewitz2011,
author = {Drewitz, Uwe and Brandenburg, Stefan},
booktitle = {Proceedings of the 11th International Conference on Cognitive Modeling},
file = {:C$\backslash$:/Users/sanek/Documents/Mendeley Desktop/Proceedings of the 11th International Conference on Cognitive Modeling/2011/Drewitz, Brandenburg - 2011.pdf:pdf},
keywords = {contextual,inference,knowledge},
pages = {265--270},
title = {{Memory and Contextual Change in Causal Learning}},
year = {2011}
}
