Automatically generated by Mendeley Desktop 1.17.6
Any changes to this file will be lost if it is regenerated by Mendeley.

BibTeX export options can be customized via Options -> BibTeX in Mendeley Desktop

@inproceedings{Drix2014,
author = {Drix, Damien and Hafner, Verena V},
booktitle = {Joint IEEE International Conference on Development and Learning},
file = {:C$\backslash$:/Users/sanek/Documents/Mendeley Desktop/Joint IEEE International Conference on Development and Learning/2014/Drix, Hafner - 2014.pdf:pdf},
isbn = {9781479975402},
pages = {374--378},
title = {{Learning proprioceptive and motor features}},
year = {2014}
}
