Automatically generated by Mendeley Desktop 1.17.6
Any changes to this file will be lost if it is regenerated by Mendeley.

BibTeX export options can be customized via Options -> BibTeX in Mendeley Desktop

@article{Dubrovsky2008,
author = {Дубровский, Д. И.},
file = {:C$\backslash$:/Users/sanek/Documents/Mendeley Desktop/Вопросы философии/2008/Дубровский - 2008.pdf:pdf},
journal = {Вопросы философии},
keywords = {consciousness},
language = {russian},
mendeley-tags = {consciousness},
number = {1},
title = {{Проблема ``другого сознания''}},
year = {2008}
}
