Automatically generated by Mendeley Desktop 1.17.6
Any changes to this file will be lost if it is regenerated by Mendeley.

BibTeX export options can be customized via Options -> BibTeX in Mendeley Desktop

@book{Dudakov2009,
author = {Дудаков, Сергей Михайлович},
file = {:C$\backslash$:/Users/sanek/Documents/Mendeley Desktop/Unknown/2009/Дудаков - 2009.pdf:pdf},
language = {russian},
pages = {291},
title = {{Основы теории моделей}},
year = {2009}
}
