Automatically generated by Mendeley Desktop 1.17.6
Any changes to this file will be lost if it is regenerated by Mendeley.

BibTeX export options can be customized via Options -> BibTeX in Mendeley Desktop

@book{Dulin2005,
address = {М.},
author = {Дулин, С. К.},
language = {russian},
pages = {136},
publisher = {Вычислительный центр им. А.А. Дородницына РАН},
title = {{Введение в теорию структурной согласованности}},
year = {2005}
}
