Automatically generated by Mendeley Desktop 1.17.6
Any changes to this file will be lost if it is regenerated by Mendeley.

BibTeX export options can be customized via Options -> BibTeX in Mendeley Desktop

@inproceedings{Dura-Bernal2011,
author = {Dura-Bernal, Salvador and Wennekers, Thomas and Denham, Susan L.},
booktitle = {45th Annual Conference on Information Sciences and Systems},
doi = {10.1109/CISS.2011.5766096},
file = {:C$\backslash$:/Users/sanek/Documents/Mendeley Desktop/45th Annual Conference on Information Sciences and Systems/2011/Dura-Bernal, Wennekers, Denham - 2011.pdf:pdf},
isbn = {978-1-4244-9846-8},
keywords = {bayesian belief propagation,hierarchical percep-},
pages = {1--6},
publisher = {IEEE},
title = {{Modelling object perception in cortex: Hierarchical Bayesian networks and belief propagation}},
url = {http://ieeexplore.ieee.org/lpdocs/epic03/wrapper.htm?arnumber=5766096},
year = {2011}
}
