Automatically generated by Mendeley Desktop 1.17.6
Any changes to this file will be lost if it is regenerated by Mendeley.

BibTeX export options can be customized via Options -> BibTeX in Mendeley Desktop

@book{Edelman1987,
address = {New York},
author = {Edelman, G. M.},
pages = {400},
publisher = {Basic Books},
title = {{Neural Darwinism: The Theory Of Neuronal Group Selection}},
year = {1987}
}
