Automatically generated by Mendeley Desktop 1.17.6
Any changes to this file will be lost if it is regenerated by Mendeley.

BibTeX export options can be customized via Options -> BibTeX in Mendeley Desktop

@book{Edelmen1981,
address = {М.},
author = {Эделмен, Дж. and Маунткасл, В.},
editor = {Соколов, Е. Н.},
file = {:C$\backslash$:/Users/sanek/Documents/Mendeley Desktop/Unknown/1981/Эделмен, Маунткасл - 1981.pdf:pdf},
language = {russian},
pages = {135},
publisher = {Мир},
title = {{Разумный мозг}},
translator = {Алексеенко, Н. Ю.},
year = {1981}
}
