Automatically generated by Mendeley Desktop 1.17.6
Any changes to this file will be lost if it is regenerated by Mendeley.

BibTeX export options can be customized via Options -> BibTeX in Mendeley Desktop

@article{Efremova2013,
author = {Ефремова, Н А and Инуи, Тошио},
file = {:C$\backslash$:/Users/sanek/Documents/Mendeley Desktop/Искусственный интеллект и принятие решений/2013/Ефремова, Инуи - 2013.pdf:pdf},
journal = {Искусственный интеллект и принятие решений},
language = {russian},
number = {1},
pages = {55--62},
title = {{Модель зрительной коры головного мозга для распознавания и классификации образов}},
year = {2013}
}
