Automatically generated by Mendeley Desktop 1.17.6
Any changes to this file will be lost if it is regenerated by Mendeley.

BibTeX export options can be customized via Options -> BibTeX in Mendeley Desktop

@inproceedings{Eisenberg2016,
address = {Austin},
author = {Eisenberg, Michelle L and Zacks, Jeffrey M and Howard, Lauren H and Woodward, Amanda L and Loucks, Jeff and Meltzoff, Andrew N and Rcooperbbkacuk, Richard P Cooper},
booktitle = {Proceedings of the 38th Annual Conference of the Cognitive Science Society},
editor = {Papafragou, A. and Grodner, D. and Mirman, D. and Trueswell, J.C.},
file = {:C$\backslash$:/Users/sanek/Documents/Mendeley Desktop/Proceedings of the 38th Annual Conference of the Cognitive Science Society/2016/Eisenberg et al. - 2016.pdf:pdf},
keywords = {cognitive development,events,goal critically separates dynamic,goal hierarchies,goals,human action,human behaviours are,involving humans from other,memory,prediction,the concept of a},
pages = {53--54},
publisher = {Cognitive Science Society},
title = {{Higher-Level Goals in the Processing of Human Action Events}},
year = {2016}
}
