Automatically generated by Mendeley Desktop 1.17.6
Any changes to this file will be lost if it is regenerated by Mendeley.

BibTeX export options can be customized via Options -> BibTeX in Mendeley Desktop

@article{Elman1990,
author = {Elman, J. L.},
doi = {10.1207/s15516709cog1402_1},
file = {:C$\backslash$:/Users/sanek/Documents/Mendeley Desktop/Cognitive science/1990/Elman - 1990.pdf:pdf},
isbn = {1551-6709},
issn = {03640213},
journal = {Cognitive science},
number = {2},
pages = {179--211},
pmid = {19563812},
title = {{Finding structure in time}},
volume = {14},
year = {1990}
}
