Automatically generated by Mendeley Desktop 1.17.6
Any changes to this file will be lost if it is regenerated by Mendeley.

BibTeX export options can be customized via Options -> BibTeX in Mendeley Desktop

@phdthesis{Elomaa1996,
author = {Elomaa, Tapio},
file = {:C$\backslash$:/Users/sanek/Documents/Mendeley Desktop/Unknown/1996/Elomaa - 1996.pdf:pdf},
isbn = {9514573897},
pages = {140},
school = {University of Helsinki},
title = {{Tools and Techniques for Decision Tree Learning}},
year = {1996}
}
