Automatically generated by Mendeley Desktop 1.17.6
Any changes to this file will be lost if it is regenerated by Mendeley.

BibTeX export options can be customized via Options -> BibTeX in Mendeley Desktop

@incollection{Engeler2008,
author = {Engeler, Erwin},
booktitle = {Algebraic Biology. Lecture Notes in Computer Science},
file = {:C$\backslash$:/Users/sanek/Documents/Mendeley Desktop/Algebraic Biology. Lecture Notes in Computer Science/2008/Engeler - 2008.pdf:pdf},
keywords = {combinatory algebra,emergent properties,functional structures,models of consciousness,neural nets},
pages = {96--109},
publisher = {Springer Berlin Heidelberg},
title = {{Neural Algebra and Consciousness : A Theory of Structural Functionality in Neural Nets}},
year = {2008}
}
