Automatically generated by Mendeley Desktop 1.17.6
Any changes to this file will be lost if it is regenerated by Mendeley.

BibTeX export options can be customized via Options -> BibTeX in Mendeley Desktop

@article{Eremenko1989,
author = {Еременко, А. Э. and Любич, М. Ю.},
file = {:C$\backslash$:/Users/sanek/Documents/Mendeley Desktop/Алгебра и анализ/1989/Еременко, Любич - 1989.pdf:pdf},
journal = {Алгебра и анализ},
language = {russian},
number = {3},
pages = {1--70},
title = {{Динамика аналитических преобразований}},
volume = {1},
year = {1989}
}
