Automatically generated by Mendeley Desktop 1.17.6
Any changes to this file will be lost if it is regenerated by Mendeley.

BibTeX export options can be customized via Options -> BibTeX in Mendeley Desktop

@article{Eriksson2009,
author = {Eriksson, Karl-Erik},
doi = {10.1088/0953-4075/42/8/085001},
file = {:C$\backslash$:/Users/sanek/Documents/Mendeley Desktop/Journal of Physics B Atomic, Molecular and Optical Physics/2009/Eriksson - 2009.pdf:pdf},
issn = {0953-4075},
journal = {Journal of Physics B: Atomic, Molecular and Optical Physics},
number = {8},
pages = {085001},
title = {{Stochastic final-state dynamics of widening entanglementâ€”a possible description of quantum measurement}},
url = {http://stacks.iop.org/0953-4075/42/i=8/a=085001?key=crossref.d41fa4031b6a308fc5b04297332eb1e0},
volume = {42},
year = {2009}
}
