Automatically generated by Mendeley Desktop 1.17.6
Any changes to this file will be lost if it is regenerated by Mendeley.

BibTeX export options can be customized via Options -> BibTeX in Mendeley Desktop

@article{Erlich1997,
author = {Эрлих, А. И.},
file = {:C$\backslash$:/Users/sanek/Documents/Mendeley Desktop/Программные продукты и системы/1997/Эрлих - 1997.pdf:pdf},
journal = {Программные продукты и системы},
language = {russian},
number = {3},
title = {{Прикладная семиотика и управление сложными объектами}},
year = {1997}
}
