Automatically generated by Mendeley Desktop 1.17.6
Any changes to this file will be lost if it is regenerated by Mendeley.

BibTeX export options can be customized via Options -> BibTeX in Mendeley Desktop

@incollection{Ershov1987,
address = {М.},
author = {Ершов, Ю. Л. and Самохвалов, К. Ф.},
booktitle = {Закономерности развития современной математики: методологические аспекты},
file = {:C$\backslash$:/Users/sanek/Documents/Mendeley Desktop/Закономерности развития современной математики методологические аспекты/1987/Ершов, Самохвалов - 1987.pdf:pdf},
language = {russian},
pages = {85--105},
publisher = {Наука},
title = {{О новом подходе к методологии математики}},
year = {1987}
}
