Automatically generated by Mendeley Desktop 1.17.6
Any changes to this file will be lost if it is regenerated by Mendeley.

BibTeX export options can be customized via Options -> BibTeX in Mendeley Desktop

@article{Fallis2013,
author = {Петровский, В. А.},
file = {:C$\backslash$:/Users/sanek/Documents/Mendeley Desktop/Московский психотерапевтический журнал/2008/Петровский - 2008.pdf:pdf},
journal = {Московский психотерапевтический журнал},
keywords = {icle},
language = {russian},
number = {1},
pages = {64--90},
title = {{Индивидуальность, саморегуляция, гармония}},
year = {2008}
}
