Automatically generated by Mendeley Desktop 1.17.6
Any changes to this file will be lost if it is regenerated by Mendeley.

BibTeX export options can be customized via Options -> BibTeX in Mendeley Desktop

@article{Favareau2015,
author = {Favareau, Donald},
doi = {10.1007/s12304-015-9234-3},
file = {:C$\backslash$:/Users/sanek/Documents/Mendeley Desktop/Biosemiotics/2015/Favareau - 2015.pdf:pdf},
issn = {1875-1342},
journal = {Biosemiotics},
keywords = {pragmatic maxim,referential generality,semiotic constraints,semiotic pathway bias,semiotic scaffolding,symbol grounding},
pages = {235--255},
title = {{Symbols are Grounded not in Things, but in Scaffolded Relations and their Semiotic Constraints (Or How the Referential Generality of Symbol Scaffolding Grows Minds)}},
url = {http://link.springer.com/10.1007/s12304-015-9234-3},
year = {2015}
}
