Automatically generated by Mendeley Desktop 1.17.6
Any changes to this file will be lost if it is regenerated by Mendeley.

BibTeX export options can be customized via Options -> BibTeX in Mendeley Desktop

@inproceedings{Fayyad1993,
author = {Fayyad, Usama M. and Irani, Keki B.},
booktitle = {IJCAI 1993},
file = {:C$\backslash$:/Users/sanek/Documents/Mendeley Desktop/IJCAI 1993/1993/Fayyad, Irani - 1993.pdf:pdf},
pages = {1022--1027},
title = {{Multi-Interval Discretization of Continuous-Valued Attributes for Classigication Learning}},
year = {1993}
}
