Automatically generated by Mendeley Desktop 1.17.6
Any changes to this file will be lost if it is regenerated by Mendeley.

BibTeX export options can be customized via Options -> BibTeX in Mendeley Desktop

@article{Felleman1991,
author = {Felleman, D. J. and van Essen, D. C.},
journal = {Cerebral Cortex},
number = {1},
pages = {1--47},
title = {{Distributed hierarchical processing in the primate cerebral cortex}},
volume = {1},
year = {1991}
}
