Automatically generated by Mendeley Desktop 1.17.6
Any changes to this file will be lost if it is regenerated by Mendeley.

BibTeX export options can be customized via Options -> BibTeX in Mendeley Desktop

@article{Ferro2010,
author = {Ferro, Marcello and Ognibene, Dimitri and Pezzulo, Giovanni and Pirrelli, Vito},
doi = {10.3389/fnbot.2010.00006},
file = {:C$\backslash$:/Users/sanek/Documents/Mendeley Desktop/Frontiers in Neurorobotics/2010/Ferro et al. - 2010.pdf:pdf},
journal = {Frontiers in Neurorobotics},
keywords = {active sensing,lexical representation network,prediction,reading,serial order encoding,som},
number = {June},
pages = {1--16},
title = {{Reading as active sensing : a computational model of gaze planning in word recognition}},
volume = {4},
year = {2010}
}
