Automatically generated by Mendeley Desktop 1.17.6
Any changes to this file will be lost if it is regenerated by Mendeley.

BibTeX export options can be customized via Options -> BibTeX in Mendeley Desktop

@book{Festinger1999,
address = {СПб.},
author = {Фестинег, Л.},
language = {russian},
publisher = {Ювента},
title = {{Теория когнитивного диссонанса}},
year = {1999}
}
