Automatically generated by Mendeley Desktop 1.17.6
Any changes to this file will be lost if it is regenerated by Mendeley.

BibTeX export options can be customized via Options -> BibTeX in Mendeley Desktop

@book{Fink2014,
address = {London},
author = {Fink, Gernot A.},
edition = {Second},
file = {:C$\backslash$:/Users/sanek/Documents/Mendeley Desktop/Unknown/2014/Fink - 2014.pdf:pdf},
isbn = {9781447163077},
pages = {275},
publisher = {Springer-Verlag},
title = {{Markov Models for Pattern Recognition. From Theory to Applications}},
year = {2014}
}
