Automatically generated by Mendeley Desktop 1.17.6
Any changes to this file will be lost if it is regenerated by Mendeley.

BibTeX export options can be customized via Options -> BibTeX in Mendeley Desktop

@article{Finn2010a,
author = {Финн, В. К.},
file = {:C$\backslash$:/Users/sanek/Documents/Mendeley Desktop/Искусственный интеллект и принятие решений/2010/Финн - 2010(3).pdf:pdf},
journal = {Искусственный интеллект и принятие решений},
language = {russian},
number = {4},
pages = {41--48},
title = {{Об определении эмпирических закономерностей посредством ДСМ - метода автоматического порождения гипотез}},
year = {2010}
}
