Automatically generated by Mendeley Desktop 1.17.6
Any changes to this file will be lost if it is regenerated by Mendeley.

BibTeX export options can be customized via Options -> BibTeX in Mendeley Desktop

@article{Finn2010c,
author = {Финн, В. К.},
file = {:C$\backslash$:/Users/sanek/Documents/Mendeley Desktop/Искусственный интеллект и принятие решений/2010/Финн - 2010(2).pdf:pdf},
journal = {Искусственный интеллект и принятие решений},
language = {russian},
number = {3},
pages = {3--21},
title = {{Индуктивные методы Д . С . Милля в системах искусственного интеллекта. Часть I}},
year = {2010}
}
