Automatically generated by Mendeley Desktop 1.17.6
Any changes to this file will be lost if it is regenerated by Mendeley.

BibTeX export options can be customized via Options -> BibTeX in Mendeley Desktop

@article{Finn1988,
author = {Финн, В. К.},
file = {:C$\backslash$:/Users/sanek/Documents/Mendeley Desktop/Итоги науки и техники. Серия Теория вероятностей Математическая стататистика Теоретическая кибернетика/1988/Финн - 1988.pdf:pdf;:C$\backslash$:/Users/sanek/Documents/Mendeley Desktop/Итоги науки и техники. Серия Теория вероятностей Математическая стататистика Теоретическая кибернетика/1988/Финн - 1988(2).pdf:pdf},
journal = {Итоги науки и техники. Серия: Теория вероятностей Математическая стататистика Теоретическая кибернетика},
language = {russian},
pages = {3--84},
title = {{Правдоподобные выводы и правдоподобные рассуждения}},
volume = {28},
year = {1988}
}
