Automatically generated by Mendeley Desktop 1.17.6
Any changes to this file will be lost if it is regenerated by Mendeley.

BibTeX export options can be customized via Options -> BibTeX in Mendeley Desktop

@article{Finn2010b,
author = {Финн, В. К.},
file = {:C$\backslash$:/Users/sanek/Documents/Mendeley Desktop/Искусственный интеллект и принятие решений/2010/Финн - 2010.pdf:pdf},
journal = {Искусственный интеллект и принятие решений},
language = {russian},
number = {4},
pages = {14--40},
title = {{Индуктивные методы Д . С . Милля в системах искусственного интеллекта. Часть II}},
year = {2010}
}
