Automatically generated by Mendeley Desktop 1.17.6
Any changes to this file will be lost if it is regenerated by Mendeley.

BibTeX export options can be customized via Options -> BibTeX in Mendeley Desktop

@article{Finn2014,
author = {Финн, В. К.},
file = {:C$\backslash$:/Users/sanek/Documents/Mendeley Desktop/Вопросы философии/2014/Финн - 2014.pdf:pdf},
journal = {Вопросы философии},
keywords = {2014 г,abduction,analogy,dsm-,dsm-reasoning,induction,method formalisms,natural-scientifi c problem of,the problem of induction,к,финн в},
language = {russian},
number = {2},
pages = {83--96},
title = {{Эпистемологические принципы порождения гипотез}},
year = {2014}
}
