Automatically generated by Mendeley Desktop 1.17.6
Any changes to this file will be lost if it is regenerated by Mendeley.

BibTeX export options can be customized via Options -> BibTeX in Mendeley Desktop

@unpublished{Fomin2011,
author = {Фомин, С. А. and Кузюрин, Н. Н.},
file = {:C$\backslash$:/Users/sanek/Documents/Mendeley Desktop/Unknown/2011/Фомин, Кузюрин - 2011.pdf:pdf},
language = {russian},
pages = {363},
title = {{Эффективные алгоритмы и сложность вычислений}},
year = {2011}
}
