Automatically generated by Mendeley Desktop 1.17.6
Any changes to this file will be lost if it is regenerated by Mendeley.

BibTeX export options can be customized via Options -> BibTeX in Mendeley Desktop

@book{Forstman2015,
booktitle = {Springer},
doi = {10.1007/978-1-4939-2236-9},
editor = {Forstman, Birte U. and Wagenmakers, Eric-Jan},
file = {:C$\backslash$:/Users/sanek/Documents/Mendeley Desktop/Springer/2015/Unknown - 2015.pdf:pdf},
isbn = {978-1-4939-2235-2},
publisher = {Springer New York},
title = {{An Introduction to Model-Based Cognitive Neuroscience}},
year = {2015}
}
