Automatically generated by Mendeley Desktop 1.17.6
Any changes to this file will be lost if it is regenerated by Mendeley.

BibTeX export options can be customized via Options -> BibTeX in Mendeley Desktop

@unpublished{FranciscoE.DeSousaWebber,
author = {Webber, Francisco},
file = {:C$\backslash$:/Users/sanek/Documents/Mendeley Desktop/Unknown/2015/Webber - 2015.pdf:pdf},
title = {{Semantic Folding Theory}},
year = {2015}
}
