Automatically generated by Mendeley Desktop 1.17.6
Any changes to this file will be lost if it is regenerated by Mendeley.

BibTeX export options can be customized via Options -> BibTeX in Mendeley Desktop

@article{Franklin1999,
author = {Franklin, S. and Graesser, A.},
journal = {Conscious Cognition},
number = {8},
pages = {285--301},
title = {{A software agent model of consciousness}},
year = {1999}
}
