Automatically generated by Mendeley Desktop 1.17.6
Any changes to this file will be lost if it is regenerated by Mendeley.

BibTeX export options can be customized via Options -> BibTeX in Mendeley Desktop

@article{Francisco2011,
author = {Francisco, San},
doi = {10.1007/978-4-431-54595-8},
file = {:C$\backslash$:/Users/sanek/Documents/Mendeley Desktop/Cognitive Neuroscience Robotics B/2016/Shinohara - 2016.pdf:pdf},
isbn = {978-4-431-54594-1},
keywords = {attention,attentional resources,cocktail party phenomenon,coherence theory,divided attention,feature integration theory,multitasking,orientation,selective,skill-rule-knowledge based model,spotlight,srk model,useful field of view,visual search,working memory},
pages = {1--22},
title = {{Cognitive Neuroscience Robotics}},
year = {2011}
}
