Automatically generated by Mendeley Desktop 1.17.6
Any changes to this file will be lost if it is regenerated by Mendeley.

BibTeX export options can be customized via Options -> BibTeX in Mendeley Desktop

@book{Frege2000,
address = {М.},
author = {Фреге, Готтлоб},
editor = {Кузичева, З. А.},
file = {:C$\backslash$:/Users/sanek/Documents/Mendeley Desktop/Unknown/2000/Фреге - 2000.pdf:pdf},
keywords = {semiotics},
language = {russian},
mendeley-tags = {semiotics},
pages = {512},
publisher = {Аспект Пресс},
title = {{Логика и логическая семантика: Сборник трудов}},
translator = {Бирюков, Б. В.},
year = {2000}
}
