Automatically generated by Mendeley Desktop 1.17.6
Any changes to this file will be lost if it is regenerated by Mendeley.

BibTeX export options can be customized via Options -> BibTeX in Mendeley Desktop

@book{Friedenberg2006,
author = {Friedenberg, Jay and Silverman, Gordon},
file = {:C$\backslash$:/Users/sanek/Documents/Mendeley Desktop/Unknown/2006/Friedenberg, Silverman - 2006.pdf:pdf},
pages = {560},
publisher = {Sage Publications},
title = {{Cognitive sciencee: an introduction to the study of mind}},
year = {2006}
}
