Automatically generated by Mendeley Desktop 1.17.6
Any changes to this file will be lost if it is regenerated by Mendeley.

BibTeX export options can be customized via Options -> BibTeX in Mendeley Desktop

@article{Frintrop2010,
author = {Frintrop, Simone and Rome, Erich and Christensen, Henrik I.},
doi = {10.1145/1658349.1658355},
file = {:C$\backslash$:/Users/sanek/Documents/Mendeley Desktop/ACM Transactions on Applied Perception/2010/Frintrop, Rome, Christensen - 2010.pdf:pdf},
issn = {15443558},
journal = {ACM Transactions on Applied Perception},
number = {1},
pages = {1--39},
title = {{Computational visual attention systems and their cognitive foundations}},
url = {http://portal.acm.org/citation.cfm?doid=1658349.1658355},
volume = {7},
year = {2010}
}
