Automatically generated by Mendeley Desktop 1.17.6
Any changes to this file will be lost if it is regenerated by Mendeley.

BibTeX export options can be customized via Options -> BibTeX in Mendeley Desktop

@book{Fu1974,
address = {New York},
author = {Fu, K. S.},
file = {:C$\backslash$:/Users/sanek/Documents/Mendeley Desktop/Unknown/1974/Fu - 1974.pdf:pdf},
pages = {306},
publisher = {Academic Press},
title = {{Syntactic methods in pattern recognition}},
year = {1974}
}
