Automatically generated by Mendeley Desktop 1.17.6
Any changes to this file will be lost if it is regenerated by Mendeley.

BibTeX export options can be customized via Options -> BibTeX in Mendeley Desktop

@article{Fu2014a,
author = {Fu, XiaoLan and Cai, LianHong and Liu, Ye YongJin and Jia, Jia and Chen, WenFeng and Yi, Zhang and Zhao, GuoZhen and Liu, Ye YongJin and Wu, ChangXu},
doi = {10.1007/s11432-013-4911-9},
file = {:C$\backslash$:/Users/sanek/Documents/Mendeley Desktop/Science China Information Sciences/2014/Fu et al. - 2014.pdf:pdf},
issn = {1674-733X},
journal = {Science China Information Sciences},
keywords = {NeuroModels,computational cognition model,judgment,memory,perception},
language = {english},
mendeley-tags = {NeuroModels},
number = {3},
pages = {1--15},
title = {{A computational cognition model of perception, memory, and judgment}},
url = {http://link.springer.com/10.1007/s11432-013-4911-9},
volume = {57},
year = {2014}
}
