Automatically generated by Mendeley Desktop 1.17.6
Any changes to this file will be lost if it is regenerated by Mendeley.

BibTeX export options can be customized via Options -> BibTeX in Mendeley Desktop

@techreport{Furnkranz1996,
author = {Furnkranz, Johannes},
file = {:C$\backslash$:/Users/sanek/Documents/Mendeley Desktop/Unknown/1996/Furnkranz - 1996.pdf:pdf},
institution = {Austrian Research Institute for Artificial Intelligence},
pages = {1--46},
title = {{Separate-and-Conquer Rule Learning}},
year = {1996}
}
