Automatically generated by Mendeley Desktop 1.17.6
Any changes to this file will be lost if it is regenerated by Mendeley.

BibTeX export options can be customized via Options -> BibTeX in Mendeley Desktop

@book{GaazeRappoport1987,
address = {М.},
author = {Гаазе-Рапопорт, М. Г. and Поспелов, Д. А.},
file = {:C$\backslash$:/Users/sanek/Documents/Mendeley Desktop/Unknown/1987/Гаазе-Рапопорт, Поспелов - 1987.pdf:pdf},
language = {russian},
pages = {288},
publisher = {Наука},
title = {{От амебы до робота. Модели поведения.}},
year = {1987}
}
