Automatically generated by Mendeley Desktop 1.17.6
Any changes to this file will be lost if it is regenerated by Mendeley.

BibTeX export options can be customized via Options -> BibTeX in Mendeley Desktop

@article{Gaeta2009,
author = {Gaeta, M. and Orciuoli, F. and Ritrovato, P.},
doi = {10.1016/j.knosys.2009.01.006},
file = {:C$\backslash$:/Users/sanek/Documents/Mendeley Desktop/Knowledge-Based Systems/2009/Gaeta, Orciuoli, Ritrovato - 2009.pdf:pdf},
issn = {09507051},
journal = {Knowledge-Based Systems},
keywords = {knowledge representation},
number = {4},
pages = {292--301},
publisher = {Elsevier B.V.},
title = {{Advanced ontology management system for personalised e-Learning}},
url = {http://linkinghub.elsevier.com/retrieve/pii/S0950705109000227},
volume = {22},
year = {2009}
}
