Automatically generated by Mendeley Desktop 1.17.6
Any changes to this file will be lost if it is regenerated by Mendeley.

BibTeX export options can be customized via Options -> BibTeX in Mendeley Desktop

@article{Gallese1996,
author = {Gallese, Vittorio and Fadiga, Luciano and Fogassi, Leonardo and Rizzolatti, Giacomo},
file = {:C$\backslash$:/Users/sanek/Documents/Mendeley Desktop/Brain/1996/Gallese et al. - 1996.pdf:pdf},
journal = {Brain},
keywords = {action encoding,macaque monkey,premotor cortex,visual responses},
number = {5},
pages = {593--609},
title = {{Action recognition in the premotor cortex}},
volume = {119},
year = {1996}
}
