Automatically generated by Mendeley Desktop 1.17.6
Any changes to this file will be lost if it is regenerated by Mendeley.

BibTeX export options can be customized via Options -> BibTeX in Mendeley Desktop

@article{Garcia-Crespo2011,
author = {Garcia-Crespo, A. and Ruiz-Mezcua, B. and Lopez-Cuadrado, J. L. and Gonzalez-Carrasco, I.},
doi = {10.1016/j.knosys.2010.09.006},
file = {:C$\backslash$:/Users/sanek/Documents/Mendeley Desktop/Knowledge-Based Systems/2011/Garcia-Crespo et al. - 2011.pdf:pdf},
issn = {09507051},
journal = {Knowledge-Based Systems},
number = {2},
pages = {282--296},
publisher = {Elsevier B.V.},
title = {{Semantic model for knowledge representation in e-business}},
url = {http://linkinghub.elsevier.com/retrieve/pii/S0950705110001516},
volume = {24},
year = {2011}
}
