Automatically generated by Mendeley Desktop 1.17.6
Any changes to this file will be lost if it is regenerated by Mendeley.

BibTeX export options can be customized via Options -> BibTeX in Mendeley Desktop

@incollection{Gardner2007,
author = {Зорина, Зоя Александровна},
booktitle = {Коммуникативные системы животных и язык человека. Проблема происхождения языка},
editor = {Кошелев, А. Д. and Черниговская, Т. В.},
file = {:C$\backslash$:/Users/sanek/Documents/Mendeley Desktop/Коммуникативные системы животных и язык человека. Проблема происхождения языка/2008/Зорина - 2008.pdf:pdf},
language = {russian},
pages = {136--171},
series = {Разумное поведение и язык},
title = {{Экспериментальные исследования возможности диалога между человеком и человекообразной обезьяной}},
year = {2008}
}
