Automatically generated by Mendeley Desktop 1.17.6
Any changes to this file will be lost if it is regenerated by Mendeley.

BibTeX export options can be customized via Options -> BibTeX in Mendeley Desktop

@phdthesis{George2008,
author = {George, Dileep},
file = {:C$\backslash$:/Users/sanek/Documents/Mendeley Desktop/Unknown/2008/George - 2008.pdf:pdf},
keywords = {htm},
mendeley-tags = {htm},
number = {June},
pages = {191},
school = {Stanford University},
title = {{How the Brain Might Work: a Hierarchical and Temporal Model for Learning and Recognition}},
year = {2008}
}
