Automatically generated by Mendeley Desktop 1.17.6
Any changes to this file will be lost if it is regenerated by Mendeley.

BibTeX export options can be customized via Options -> BibTeX in Mendeley Desktop

@article{Gillespie2014a,
author = {Gillespie, Kellen and Gupta, Kalyan Moy and Drinkwater, Michael},
file = {:C$\backslash$:/Users/sanek/Documents/Mendeley Desktop/In Proceedings of the 22nd International Conference on Case-Based Reasoning/2014/Gillespie, Gupta, Drinkwater - 2014.pdf:pdf},
issn = {16113349},
journal = {In Proceedings of the 22nd International Conference on Case-Based Reasoning},
keywords = {case-based reasoning,natural language understanding,object placement planning,spatial planning},
pages = {170--184},
title = {{Case-Based Object Placement Planning}},
year = {2014}
}
