Automatically generated by Mendeley Desktop 1.17.6
Any changes to this file will be lost if it is regenerated by Mendeley.

BibTeX export options can be customized via Options -> BibTeX in Mendeley Desktop

@incollection{Gippenreiter1998b,
address = {М.},
author = {Гиппенрейтер, Ю. Б.},
booktitle = {Введение в общую психологию. Курс лекций},
file = {:C$\backslash$:/Users/sanek/Documents/Mendeley Desktop/Введение в общую психологию. Курс лекций/1998/Гиппенрейтер - 1998(2).pdf:pdf},
keywords = {psycho},
language = {russian},
mendeley-tags = {psycho},
title = {{Психологическа теори де тельности. [Мотивационный аспект]}},
year = {1998}
}
