Automatically generated by Mendeley Desktop 1.17.6
Any changes to this file will be lost if it is regenerated by Mendeley.

BibTeX export options can be customized via Options -> BibTeX in Mendeley Desktop

@inproceedings{Goertzel2014,
author = {Goertzel, Ben},
booktitle = {2014 International Joint Conference on Neural Networks (IJCNN)},
file = {:C$\backslash$:/Users/sanek/Documents/Mendeley Desktop/2014 International Joint Conference on Neural Networks (IJCNN)/2014/Goertzel - 2014.pdf:pdf},
isbn = {9781479914845},
pages = {2587--2591},
title = {{How Might the Brain Represent Complex Symbolic Knowledge?}},
year = {2014}
}
