Automatically generated by Mendeley Desktop 1.17.6
Any changes to this file will be lost if it is regenerated by Mendeley.

BibTeX export options can be customized via Options -> BibTeX in Mendeley Desktop

@unpublished{Goertzel2011,
author = {Goertzel, Ben and Chen, Shuo},
file = {:C$\backslash$:/Users/sanek/Documents/Mendeley Desktop/Unknown/2016/Goertzel, Chen - 2016.pdf:pdf},
title = {{Notes on Semantic Hierarchical Temporal Memory for Perceptual, Motoric and Intentional Intelligence}},
year = {2016}
}
