Automatically generated by Mendeley Desktop 1.17.6
Any changes to this file will be lost if it is regenerated by Mendeley.

BibTeX export options can be customized via Options -> BibTeX in Mendeley Desktop

@book{Goos1977,
editor = {Goos, G. and Hartmanis, J.},
file = {:C$\backslash$:/Users/sanek/Documents/Mendeley Desktop/Unknown/1977/Unknown - 1977.pdf:pdf},
isbn = {9783662391617},
publisher = {Springer-Verlag},
title = {{Lecture Notes in Computer Science. Fundamentals of Computation Theory}},
year = {1977}
}
