Automatically generated by Mendeley Desktop 1.17.6
Any changes to this file will be lost if it is regenerated by Mendeley.

BibTeX export options can be customized via Options -> BibTeX in Mendeley Desktop

@inproceedings{Gorman2016,
address = {Austin},
author = {Gorman, Chris and Knott, Alistair},
booktitle = {Proceedings of the 38th Annual Conference of the Cognitive Science Society},
editor = {Papafragou, A. and Grodner, D. and Mirman, D. and Trueswell, J.C.},
file = {:C$\backslash$:/Users/sanek/Documents/Mendeley Desktop/Proceedings of the 38th Annual Conference of the Cognitive Science Society/2016/Gorman, Knott - 2016.pdf:pdf},
keywords = {categorization,computational modeling,proto-},
pages = {342--347},
publisher = {Cognitive Science Society},
title = {{A neural network model of hierarchical category development}},
year = {2016}
}
