Automatically generated by Mendeley Desktop 1.17.6
Any changes to this file will be lost if it is regenerated by Mendeley.

BibTeX export options can be customized via Options -> BibTeX in Mendeley Desktop

@unpublished{Gorodetsky2000,
author = {Городецкий, В. И. and Грушинский, М. С. and Хабалов, А. В.},
file = {:C$\backslash$:/Users/sanek/Documents/Mendeley Desktop/Unknown/2000/Городецкий, Грушинский, Хабалов - 2000.pdf:pdf},
language = {russian},
pages = {43},
title = {{Многоагентные системы (обзор)}},
year = {2000}
}
