Automatically generated by Mendeley Desktop 1.17.6
Any changes to this file will be lost if it is regenerated by Mendeley.

BibTeX export options can be customized via Options -> BibTeX in Mendeley Desktop

@article{Gorodetsky2008,
author = {Городецкий, В. И. and Серебряков, С. В.},
file = {:C$\backslash$:/Users/sanek/Documents/Mendeley Desktop/Автоматика и телемеханика/2008/Городецкий, Серебряков - 2008.pdf:pdf},
journal = {Автоматика и телемеханика},
language = {russian},
number = {11},
pages = {3--40},
title = {{Методы и алгоритмы коллективного распознавания}},
year = {2008}
}
