Automatically generated by Mendeley Desktop 1.17.6
Any changes to this file will be lost if it is regenerated by Mendeley.

BibTeX export options can be customized via Options -> BibTeX in Mendeley Desktop

@article{Gorodetsky2012,
author = {Городецкий, В И},
file = {:C$\backslash$:/Users/sanek/Documents/Mendeley Desktop/Известия РАН. Теория и системы управления/2012/Городецкий - 2012.pdf:pdf},
journal = {Известия РАН. Теория и системы управления},
language = {russian},
number = {2},
pages = {92--120},
title = {{Самоорганизация и многоагентные системы. I. Модели многоагентной самоорганизации}},
year = {2012}
}
