Automatically generated by Mendeley Desktop 1.17.6
Any changes to this file will be lost if it is regenerated by Mendeley.

BibTeX export options can be customized via Options -> BibTeX in Mendeley Desktop

@article{Grossberg2014,
author = {Grossberg, Stephen},
doi = {10.1016/j.brainres.2014.11.018},
file = {:C$\backslash$:/Users/sanek/Documents/Mendeley Desktop/Brain Research/2014/Grossberg - 2014.pdf:pdf},
issn = {0006-8993},
journal = {Brain Research},
keywords = {3D vision,Adaptive resonance theory,Adaptively controlled conditioning,Attention,Autism,Category learning,Cognitive working memory,Eye movement,Grid cell,Laminar cortical circuits,Learning,Medial temporal amnesia,Memory,NeuroModels,Place cell,Predictive remapping,Spatial navigation,Speech perception,Time cell,mGluR},
mendeley-tags = {NeuroModels},
pages = {1--24},
publisher = {Elsevier},
title = {{From brain synapses to systems for learning and memory: Object recognition, spatial navigation, timed conditioning, and movement control}},
url = {http://dx.doi.org/10.1016/j.brainres.2014.11.018},
year = {2014}
}
