Automatically generated by Mendeley Desktop 1.17.6
Any changes to this file will be lost if it is regenerated by Mendeley.

BibTeX export options can be customized via Options -> BibTeX in Mendeley Desktop

@techreport{Grosz2016,
author = {Grosz, Barbara J and Altman, Russ and Horvitz, Eric and Mackworth, Alan and Mitchell, Tom and Mulligan, Deirdre and Shoham, Yoav},
file = {:C$\backslash$:/Users/sanek/Documents/Mendeley Desktop/Unknown/2016/Grosz et al. - 2016.pdf:pdf},
institution = {Stanford University},
pages = {52},
title = {{Artificial intelligence and life in 2030: One hundred year study on artificial intelligence}},
year = {2016}
}
