Automatically generated by Mendeley Desktop 1.17.6
Any changes to this file will be lost if it is regenerated by Mendeley.

BibTeX export options can be customized via Options -> BibTeX in Mendeley Desktop

@inproceedings{Grubshtein2012,
author = {Grubshtein, Alon and Zivan, Roie and Meisels, Amnon},
booktitle = {ECAI 2012: 20h European Conference on Artificial Intelligence: Proceedings},
doi = {10.3233/978-1-61499-098-7-378},
file = {:C$\backslash$:/Users/sanek/Documents/Mendeley Desktop/ECAI 2012 20h European Conference on Artificial Intelligence Proceedings/2012/Grubshtein, Zivan, Meisels - 2012.pdf:pdf},
isbn = {9781614990987},
pages = {378--383},
title = {{Partial Cooperation in Multi-agent Local Search}},
year = {2012}
}
