Automatically generated by Mendeley Desktop 1.17.6
Any changes to this file will be lost if it is regenerated by Mendeley.

BibTeX export options can be customized via Options -> BibTeX in Mendeley Desktop

@inproceedings{Guerin2013,
author = {Guerin, Clement and Bertet, Karell and Revel, Arnaud},
booktitle = {"Concept Lattices and their Applications, La Rochelle : France (2013)},
file = {:C$\backslash$:/Users/sanek/Documents/Mendeley Desktop/Concept Lattices and their Applications, La Rochelle France (2013)/2013/Guerin, Bertet, Revel - 2013.pdf:pdf},
keywords = {immediate successors,java implementation,lattice,loa},
pages = {81--92},
title = {{An efficient Java implementation of the immediate successors calculation}},
year = {2013}
}
