Automatically generated by Mendeley Desktop 1.17.6
Any changes to this file will be lost if it is regenerated by Mendeley.

BibTeX export options can be customized via Options -> BibTeX in Mendeley Desktop

@article{Guimaraes2002b,
author = {Guimar{\~{a}}es, Gabriela and Lobo, Victor Sousa and Moura-Pires, Fernando},
file = {:C$\backslash$:/Users/sanek/Documents/Mendeley Desktop/Intell Data Anal/2002/Guimar{\~{a}}es, Lobo, Moura-Pires - 2002.pdf:pdf},
isbn = {1088-467X},
issn = {1088467X},
journal = {Intell Data Anal},
pages = {1--52},
title = {{A Taxonomy of Self-organizing Maps for Temporal Sequence Processing}},
year = {2002}
}
