Automatically generated by Mendeley Desktop 1.17.6
Any changes to this file will be lost if it is regenerated by Mendeley.

BibTeX export options can be customized via Options -> BibTeX in Mendeley Desktop

@article{Guo2014,
author = {Guo, Xiaoxiao and Lee, Honglak and Wang, Xiaoshi and Lewis, Richard L},
file = {:C$\backslash$:/Users/sanek/Documents/Mendeley Desktop/Nips/2014/Guo et al. - 2014.pdf:pdf},
journal = {Nips},
pages = {1--9},
title = {{Deep learning for real-time Atari game play using offline Monte Carlo tree search planning}},
volume = {2600},
year = {2014}
}
