Automatically generated by Mendeley Desktop 1.17.6
Any changes to this file will be lost if it is regenerated by Mendeley.

BibTeX export options can be customized via Options -> BibTeX in Mendeley Desktop

@book{Gusserl2001,
address = {М.},
author = {Гуссерль, Эдмунд},
file = {:C$\backslash$:/Users/sanek/Documents/Mendeley Desktop/Unknown/2001/Гуссерль - 2001.pdf:pdf},
keywords = {semiotics},
language = {russian},
mendeley-tags = {semiotics},
pages = {470},
publisher = {Гнозис, Дом интеллектуальной книги},
title = {{Собрание сочинений. Т. 3 (1). Логические исследования}},
translator = {Молчанов, В. И.},
volume = {II (1)},
year = {2001}
}
