Automatically generated by Mendeley Desktop 1.17.6
Any changes to this file will be lost if it is regenerated by Mendeley.

BibTeX export options can be customized via Options -> BibTeX in Mendeley Desktop

@book{Haar1974,
address = {М.},
author = {тер Хаар, Д.},
file = {:C$\backslash$:/Users/sanek/Documents/Mendeley Desktop/Unknown/1974/Хаар - 1974.pdf:pdf},
language = {russian},
pages = {225},
publisher = {Наука},
title = {{Основы гамильтоновой динамики}},
year = {1974}
}
