Automatically generated by Mendeley Desktop 1.17.6
Any changes to this file will be lost if it is regenerated by Mendeley.

BibTeX export options can be customized via Options -> BibTeX in Mendeley Desktop

@phdthesis{Hanford2011,
author = {Hanford, Scott D.},
file = {:C$\backslash$:/Users/sanek/Documents/Mendeley Desktop/Unknown/2011/Hanford - 2011.pdf:pdf},
number = {December},
school = {The Pennsylvania State University},
title = {{A cognitive robotic system based on the SOAR cognitive architecture for mobile robot navigation, search and mapping mission}},
year = {2011}
}
