Automatically generated by Mendeley Desktop 1.17.6
Any changes to this file will be lost if it is regenerated by Mendeley.

BibTeX export options can be customized via Options -> BibTeX in Mendeley Desktop

@article{Hanks1995,
author = {Hanks, Steve and Weld, Daniel S.},
file = {:C$\backslash$:/Users/sanek/Documents/Mendeley Desktop/Journal of Artificial Intelligence Research/1995/Hanks, Weld - 1995.pdf:pdf},
journal = {Journal of Artificial Intelligence Research},
keywords = {plan},
mendeley-tags = {plan},
pages = {319--360},
title = {{A Domain-Independent Algorithm for Plan Adaptation}},
volume = {2},
year = {1995}
}
