Automatically generated by Mendeley Desktop 1.17.6
Any changes to this file will be lost if it is regenerated by Mendeley.

BibTeX export options can be customized via Options -> BibTeX in Mendeley Desktop

@book{Harmelen,
address = {Amsterdam},
author = {van Harmelen, Frank and Lifschitz, Vladimir and Porter, Bruce},
file = {:C$\backslash$:/Users/sanek/Documents/Mendeley Desktop/Unknown/2008/Harmelen, Lifschitz, Porter - 2008.pdf:pdf},
isbn = {9780444522115},
pages = {1005},
publisher = {Elsevier},
title = {{Handbook of Knowledge Representation}},
year = {2008}
}
