Automatically generated by Mendeley Desktop 1.17.6
Any changes to this file will be lost if it is regenerated by Mendeley.

BibTeX export options can be customized via Options -> BibTeX in Mendeley Desktop

@article{Harnad1990,
archivePrefix = {arXiv},
arxivId = {arXiv:cs.AI/9906002},
author = {Harnad, Stevan},
doi = {10.4249/scholarpedia.2373},
eprint = {9906002},
file = {:C$\backslash$:/Users/sanek/Documents/Mendeley Desktop/Physica/1990/Harnad - 1990.pdf:pdf},
isbn = {0167-2789},
issn = {01672789},
journal = {Physica},
keywords = {symb{\_}ground},
mendeley-tags = {symb{\_}ground},
pages = {335--346},
primaryClass = {arXiv:cs.AI},
title = {{Symbol Grounding Problem}},
url = {http://eprints.soton.ac.uk/271345/5/Harnad-CangelelosiComm.rtf},
volume = {42},
year = {1990}
}
