Automatically generated by Mendeley Desktop 1.17.6
Any changes to this file will be lost if it is regenerated by Mendeley.

BibTeX export options can be customized via Options -> BibTeX in Mendeley Desktop

@article{Hasselmo2006,
author = {Howard, Marc W. and Fotedar, Mrigankka S. and Datey, Aditya V. and Hasselmo, Michael E.},
file = {:C$\backslash$:/Users/sanek/Documents/Mendeley Desktop/Psychology Review/2005/Howard et al. - 2005.pdf:pdf},
journal = {Psychology Review},
number = {1},
pages = {75--116},
title = {{The Temporal Context Model in spatial navigation and relational learning: Toward a common explanation of medial temporal lobe function across domains}},
volume = {112},
year = {2005}
}
