Automatically generated by Mendeley Desktop 1.17.6
Any changes to this file will be lost if it is regenerated by Mendeley.

BibTeX export options can be customized via Options -> BibTeX in Mendeley Desktop

@techreport{Hawkins2011,
author = {Hawkins, Jeff and Ahmad, Subutai and Dubinsky, Donna},
file = {:C$\backslash$:/Users/sanek/Documents/Mendeley Desktop/Unknown/2011/Hawkins, Ahmad, Dubinsky - 2011.pdf:pdf;:C$\backslash$:/Users/sanek/Documents/Mendeley Desktop/Unknown/2011/Hawkins, Ahmad, Dubinsky - 2011(2).pdf:pdf},
institution = {Numenta},
keywords = {htm},
mendeley-tags = {htm},
pages = {1--68},
title = {{Hiearachical Temporal Memory including HTM Cortical Learning Algorithms}},
year = {2011}
}
