Automatically generated by Mendeley Desktop 1.17.6
Any changes to this file will be lost if it is regenerated by Mendeley.

BibTeX export options can be customized via Options -> BibTeX in Mendeley Desktop

@inproceedings{Hayes1977,
author = {Hayes, Philip J.},
booktitle = {Proceeding of the 5th International Joint Conference on Artificial Intelligence (IJCAI'77)},
file = {:C$\backslash$:/Users/sanek/Documents/Mendeley Desktop/Proceeding of the 5th International Joint Conference on Artificial Intelligence (IJCAI'77)/1977/Hayes - 1977.pdf:pdf},
pages = {99--107},
title = {{On semantic Nets, Frames and Associations}},
year = {1977}
}
