Automatically generated by Mendeley Desktop 1.17.6
Any changes to this file will be lost if it is regenerated by Mendeley.

BibTeX export options can be customized via Options -> BibTeX in Mendeley Desktop

@book{Hegarty2014,
editor = {Freksa, Christian and Nebel, Bernhard and Hegarty, Mary and Barkowsky, Thomas},
file = {:C$\backslash$:/Users/sanek/Documents/Mendeley Desktop/Unknown/2014/Unknown - 2014.pdf:pdf},
isbn = {9783319112145},
pages = {406},
publisher = {Springer International Publishing},
series = {Lecture Notes in Computer Science},
title = {{Spatial Cognition IX}},
year = {2014}
}
