Automatically generated by Mendeley Desktop 1.17.6
Any changes to this file will be lost if it is regenerated by Mendeley.

BibTeX export options can be customized via Options -> BibTeX in Mendeley Desktop

@incollection{Hepp1987,
author = {Hepp, K. and Henn, V.},
booktitle = {Physics in Living Matter},
editor = {Baeriswyl, Dionys and Droz, Michel and Malaspinas, Andreas and Martinoli, Piero},
file = {:C$\backslash$:/Users/sanek/Documents/Mendeley Desktop/Physics in Living Matter/1987/Hepp, Henn - 1987.pdf:pdf},
pages = {163--177},
title = {{Nonabelian Neurodynamics}},
year = {1987}
}
