Automatically generated by Mendeley Desktop 1.17.6
Any changes to this file will be lost if it is regenerated by Mendeley.

BibTeX export options can be customized via Options -> BibTeX in Mendeley Desktop

@incollection{Herskovits1997,
author = {Herskovits, Annette},
booktitle = {Spatial and Temporal Reasoning},
editor = {Stock, O.},
file = {:C$\backslash$:/Users/sanek/Documents/Mendeley Desktop/Spatial and Temporal Reasoning/1997/Herskovits - 1997.pdf:pdf},
pages = {155--202},
publisher = {Springer},
title = {{Language, Spatial Cognition, and Vision}},
year = {1997}
}
