Automatically generated by Mendeley Desktop 1.17.6
Any changes to this file will be lost if it is regenerated by Mendeley.

BibTeX export options can be customized via Options -> BibTeX in Mendeley Desktop

@inproceedings{Hertle2012,
author = {Hertle, Andreas and Dornhege, Christian and Keller, Thomas and Nebel, Bernhard},
booktitle = {ECAI 2012: 20h European Conference on Artificial Intelligence: Proceedings},
doi = {10.3233/978-1-61499-098-7-402},
file = {:C$\backslash$:/Users/sanek/Documents/Mendeley Desktop/ECAI 2012 20h European Conference on Artificial Intelligence Proceedings/2012/Hertle et al. - 2012.pdf:pdf},
isbn = {9781614990987},
keywords = {plan},
mendeley-tags = {plan},
pages = {402--407},
title = {{Planning with Semantic Attachments : An Object-Oriented View}},
year = {2012}
}
