Automatically generated by Mendeley Desktop 1.17.6
Any changes to this file will be lost if it is regenerated by Mendeley.

BibTeX export options can be customized via Options -> BibTeX in Mendeley Desktop

@article{Hinton2006,
author = {Hinton, Geoffrey E. and Osindero, Simon and Teh, Yee-Whye},
file = {:C$\backslash$:/Users/sanek/Documents/Mendeley Desktop/Neural Computation/2006/Hinton, Osindero, Teh - 2006.pdf:pdf},
journal = {Neural Computation},
number = {7},
pages = {1527--1554},
title = {{A fast learning algorithm for deep belief nets}},
volume = {18},
year = {2006}
}
