Automatically generated by Mendeley Desktop 1.17.6
Any changes to this file will be lost if it is regenerated by Mendeley.

BibTeX export options can be customized via Options -> BibTeX in Mendeley Desktop

@article{Hochreiter2001,
author = {Hochreiter, Sepp and Younger, A Steven and Conwell, Peter R},
file = {:C$\backslash$:/Users/sanek/Documents/Mendeley Desktop/Unknown/2001/Hochreiter, Younger, Conwell - 2001.pdf:pdf},
pages = {87--94},
title = {{Learning to Learn Using Gradient Descent}},
year = {2001}
}
