Automatically generated by Mendeley Desktop 1.17.6
Any changes to this file will be lost if it is regenerated by Mendeley.

BibTeX export options can be customized via Options -> BibTeX in Mendeley Desktop

@incollection{Hoek2007,
author = {van der Hoek, Wiebe and Wooldridge, Michael},
booktitle = {Handbook of Knowledge Representation},
file = {:C$\backslash$:/Users/sanek/Documents/Mendeley Desktop/Handbook of Knowledge Representation/2007/Hoek, Wooldridge - 2007.pdf:pdf},
pages = {1--44},
title = {{Multi-Agent Systems}},
year = {2007}
}
