Automatically generated by Mendeley Desktop 1.17.6
Any changes to this file will be lost if it is regenerated by Mendeley.

BibTeX export options can be customized via Options -> BibTeX in Mendeley Desktop

@article{Hoffmann2001,
author = {Hoffmann, Jorg and Nebel, Bernhard},
file = {:C$\backslash$:/Users/sanek/Documents/Mendeley Desktop/Journal of Artificial Intelligence Research/2001/Hoffmann, Nebel - 2001.pdf:pdf},
journal = {Journal of Artificial Intelligence Research},
keywords = {plan},
mendeley-tags = {plan},
pages = {253--302},
title = {{The FF Planning System: Fast Plan Generation Through Heuristic Search}},
volume = {14},
year = {2001}
}
