Automatically generated by Mendeley Desktop 1.17.6
Any changes to this file will be lost if it is regenerated by Mendeley.

BibTeX export options can be customized via Options -> BibTeX in Mendeley Desktop

@inproceedings{Homenda2014,
author = {Homenda, Wladyslaw and Jastrzebska, Agnieszka and Pedrycz, Witold},
booktitle = {Fourth World Congress on Information and Communication Technologies (WICT), 2014},
file = {:C$\backslash$:/Users/sanek/Documents/Mendeley Desktop/Fourth World Congress on Information and Communication Technologies (WICT), 2014/2014/Homenda, Jastrzebska, Pedrycz - 2014.pdf:pdf},
keywords = {-fuzzy cognitive map,cognitive map,fcms has been studied,ii,in,interpretation of fuzzy,l iterature r eview,time series,time series modelling with},
pages = {152--157},
publisher = {IEEE},
title = {{On Interpretation of Fuzzy Cognitive Maps Trained to Model Time Series}},
year = {2014}
}
