Automatically generated by Mendeley Desktop 1.17.6
Any changes to this file will be lost if it is regenerated by Mendeley.

BibTeX export options can be customized via Options -> BibTeX in Mendeley Desktop

@book{Homskaya2015,
address = {СПб.},
author = {Хомская, Е. Д.},
edition = {4-е изд.},
language = {russian},
pages = {496},
publisher = {Питер},
title = {{Нейропсихология: Учебник для вузов}},
year = {2015}
}
