Automatically generated by Mendeley Desktop 1.17.6
Any changes to this file will be lost if it is regenerated by Mendeley.

BibTeX export options can be customized via Options -> BibTeX in Mendeley Desktop

@article{Hsu2014,
author = {Hsu, Yuan Pao and Jiang, Wei Cheng},
file = {:C$\backslash$:/Users/sanek/Documents/Mendeley Desktop/Journal of Information Science and Engineering/2014/Hsu, Jiang - 2014.pdf:pdf},
issn = {10162364},
journal = {Journal of Information Science and Engineering},
keywords = {CMAC,Dyna agent ?? 2014, institute of information scien,Prioritized sweeping,Q-learning,Reinforcement learning},
number = {6},
pages = {1807--1823},
title = {{A fast learning agent based on the dyna architecture}},
volume = {30},
year = {2014}
}
