Automatically generated by Mendeley Desktop 1.17.6
Any changes to this file will be lost if it is regenerated by Mendeley.

BibTeX export options can be customized via Options -> BibTeX in Mendeley Desktop

@article{Huang2009,
author = {Huang, Jih-Jeng},
doi = {10.1016/j.knosys.2009.05.008},
file = {:C$\backslash$:/Users/sanek/Documents/Mendeley Desktop/Knowledge-Based Systems/2009/Huang - 2009.pdf:pdf},
issn = {09507051},
journal = {Knowledge-Based Systems},
keywords = {competitive advantage,knowledge management},
number = {6},
pages = {430--438},
publisher = {Elsevier B.V.},
title = {{The evolutionary perspective of knowledge creation â€“ A mathematical representation}},
url = {http://linkinghub.elsevier.com/retrieve/pii/S0950705109000859},
volume = {22},
year = {2009}
}
