Automatically generated by Mendeley Desktop 1.17.6
Any changes to this file will be lost if it is regenerated by Mendeley.

BibTeX export options can be customized via Options -> BibTeX in Mendeley Desktop

@article{Huang2012,
author = {Huang, Bing and Li, Hua-xiong and Wei, Da-kuan},
doi = {10.1016/j.knosys.2011.12.008},
file = {:C$\backslash$:/Users/sanek/Documents/Mendeley Desktop/Knowledge-Based Systems/2012/Huang, Li, Wei - 2012.pdf:pdf},
issn = {09507051},
journal = {Knowledge-Based Systems},
pages = {115--123},
publisher = {Elsevier B.V.},
title = {{Dominance-based rough set model in intuitionistic fuzzy information systems}},
url = {http://linkinghub.elsevier.com/retrieve/pii/S0950705111002747},
volume = {28},
year = {2012}
}
