Automatically generated by Mendeley Desktop 1.17.6
Any changes to this file will be lost if it is regenerated by Mendeley.

BibTeX export options can be customized via Options -> BibTeX in Mendeley Desktop

@inproceedings{Ignatov2011,
author = {Игнатов, Д.И. and Кузнецов, С.О. and Пульманс, Й.},
booktitle = {Математические методы распознавания образов: 15-я Всероссийская конференция},
file = {:C$\backslash$:/Users/sanek/Documents/Mendeley Desktop/Математические методы распознавания образов 15-я Всероссийская конференция/2011/Игнатов, Кузнецов, Пульманс - 2011.pdf:pdf},
language = {russian},
pages = {258--261},
title = {{Разработка данных систем совместного пользования ресурсами: от трипонятий к трикластерам}},
year = {2011}
}
