Automatically generated by Mendeley Desktop 1.17.6
Any changes to this file will be lost if it is regenerated by Mendeley.

BibTeX export options can be customized via Options -> BibTeX in Mendeley Desktop

@phdthesis{Ignatov2010,
author = {Игнатов, Д. И.},
file = {:C$\backslash$:/Users/sanek/Documents/Mendeley Desktop/Unknown/2010/Игнатов - 2010.pdf:pdf},
language = {russian},
pages = {26},
school = {Высшая школа экономики},
title = {{Модели, алгоритмы и программные средства бикластеризации на основе замкнутых множеств}},
year = {2010}
}
