Automatically generated by Mendeley Desktop 1.17.6
Any changes to this file will be lost if it is regenerated by Mendeley.

BibTeX export options can be customized via Options -> BibTeX in Mendeley Desktop

@inproceedings{Ignatov2012,
author = {Игнатов, Д. И.},
booktitle = {Доклады Всероссийской научно-практической конференции «Анализ Изображений, Сетей и Текстов» (АИСТ, Екатеринбург, 2012)},
file = {:C$\backslash$:/Users/sanek/Documents/Mendeley Desktop/Доклады Всероссийской научно-практической конференции «Анализ Изображений, Сетей и Текстов» (АИСТ, Екатеринбург, 2012)/2012/Игнатов - 2012.pdf:pdf},
language = {russian},
pages = {3--15},
title = {{Анализ формальных понятий: от теории к практике}},
year = {2012}
}
