Automatically generated by Mendeley Desktop 1.17.6
Any changes to this file will be lost if it is regenerated by Mendeley.

BibTeX export options can be customized via Options -> BibTeX in Mendeley Desktop

@article{Ignatov2013,
author = {Ignatov, Dmitry I. and Kuznetsov, Sergei O. and Poelmans, Jonas and Zhukov, Leonid E.},
doi = {10.1080/03081079.2013.798899},
file = {:C$\backslash$:/Users/sanek/Documents/Mendeley Desktop/International Journal of General Systems/2013/Ignatov et al. - 2013.pdf:pdf},
issn = {0308-1079},
journal = {International Journal of General Systems},
number = {6},
pages = {572--593},
title = {{Can triconcepts become triclusters?}},
url = {http://www.tandfonline.com/doi/abs/10.1080/03081079.2013.798899},
volume = {42},
year = {2013}
}
