Automatically generated by Mendeley Desktop 1.17.6
Any changes to this file will be lost if it is regenerated by Mendeley.

BibTeX export options can be customized via Options -> BibTeX in Mendeley Desktop

@book{Intelligence,
doi = {10.1007/978-3-662-43505-2},
editor = {Kacprzyk, Janusz and Pedrycz, Witold},
file = {:C$\backslash$:/Users/sanek/Documents/Mendeley Desktop/Unknown/2015/Unknown - 2015.pdf:pdf},
isbn = {9783662435045},
pages = {1634},
publisher = {Springer-Verlag Berlin Heidelberg},
title = {{Springer Handbook of Computational Intelligence}},
year = {2015}
}
