Automatically generated by Mendeley Desktop 1.17.6
Any changes to this file will be lost if it is regenerated by Mendeley.

BibTeX export options can be customized via Options -> BibTeX in Mendeley Desktop

@unpublished{Intelligence2012,
author = {Chella, Antonio and Manzotti, Ricardo},
file = {:C$\backslash$:/Users/sanek/Documents/Mendeley Desktop/Unknown/2012/Chella, Manzotti - 2012.pdf:pdf},
pages = {2--3},
title = {{Strong Artificial Intelligence and Consciousness}},
year = {2012}
}
