Automatically generated by Mendeley Desktop 1.17.6
Any changes to this file will be lost if it is regenerated by Mendeley.

BibTeX export options can be customized via Options -> BibTeX in Mendeley Desktop

@article{Itti1998,
author = {Itti, Laurent and Koch, Christof and Niebur, Ernst},
file = {:C$\backslash$:/Users/sanek/Documents/Mendeley Desktop/IEEE Transactions on pattern analysis and machine intelligence/1998/Itti, Koch, Niebur - 1998.pdf:pdf},
journal = {IEEE Transactions on pattern analysis and machine intelligence},
number = {11},
pages = {1254--1259},
title = {{A model of Siliency-Based Visual Attention for Rapid Scene Analysis}},
volume = {20},
year = {1998}
}
