Automatically generated by Mendeley Desktop 1.17.6
Any changes to this file will be lost if it is regenerated by Mendeley.

BibTeX export options can be customized via Options -> BibTeX in Mendeley Desktop

@article{Ivanitsky1994,
author = {Иваницкий, Г. Р. and Медвинский, А. Б. and Цыганов, М. А.},
file = {:C$\backslash$:/Users/sanek/Documents/Mendeley Desktop/Успехи физических наук/1994/Иваницкий, Медвинский, Цыганов - 1994.pdf:pdf},
journal = {Успехи физических наук},
language = {russian},
number = {10},
pages = {1041--1072},
title = {{От динамики популяционных автоволн, формируемых живыми клетками, к нейроинформатике}},
volume = {164},
year = {1994}
}
