Automatically generated by Mendeley Desktop 1.17.6
Any changes to this file will be lost if it is regenerated by Mendeley.

BibTeX export options can be customized via Options -> BibTeX in Mendeley Desktop

@article{Ivanitsky1997,
author = {Ivanitsky, A. M.},
journal = {Neuroscience and Behavioral Physiology},
number = {4},
pages = {414--426},
title = {{Information synthesis in key parts of the cerebral cortex as the basis of subjective experience}},
volume = {27},
year = {1997}
}
