Automatically generated by Mendeley Desktop 1.17.6
Any changes to this file will be lost if it is regenerated by Mendeley.

BibTeX export options can be customized via Options -> BibTeX in Mendeley Desktop

@incollection{Ivanov2015,
author = {Ivanov, Donat and Kalyaev, Igor and Kapustyan, S.},
booktitle = {Robot Intelligence Technology and Applications 3},
doi = {10.1007/978-3-642-37374-9},
editor = {Kim, Jong-Hwan and Yang, Weimin and Jo, Jun and Sincak, Peter and Myung, Hyun},
file = {:C$\backslash$:/Users/sanek/Documents/Mendeley Desktop/Robot Intelligence Technology and Applications 3/2015/Ivanov, Kalyaev, Kapustyan - 2015.pdf:pdf},
isbn = {978-3-642-37373-2},
issn = {21945357},
keywords = {formation task,group robotics,quadrocopter,quadrotor,unmanned},
pages = {183--191},
publisher = {Springer International Publishing},
series = {Advances in Intelligent Systems and Computing},
title = {{Formation Task in a Group of Quadrotors}},
url = {http://link.springer.com/10.1007/978-3-642-37374-9},
year = {2015}
}
