Automatically generated by Mendeley Desktop 1.17.6
Any changes to this file will be lost if it is regenerated by Mendeley.

BibTeX export options can be customized via Options -> BibTeX in Mendeley Desktop

@article{Ivanitsky1996a,
author = {Ivanitsky, A. M.},
journal = {Neuroscience and Behavioral Physiology},
number = {2},
pages = {251--252},
title = {{Brain basis of subjective experience: information synthesis hypothesis}},
volume = {46},
year = {1996}
}
