Automatically generated by Mendeley Desktop 1.17.6
Any changes to this file will be lost if it is regenerated by Mendeley.

BibTeX export options can be customized via Options -> BibTeX in Mendeley Desktop

@article{Ivanitsky2010a,
author = {Ivanitsky, A. M.},
journal = {Herald of the Russian Academy of Sciences},
keywords = {consciousness},
mendeley-tags = {consciousness},
number = {3},
pages = {229--236},
title = {{Brain science on the way to solving the problem of consciousness}},
volume = {80},
year = {2010}
}
