Automatically generated by Mendeley Desktop 1.17.6
Any changes to this file will be lost if it is regenerated by Mendeley.

BibTeX export options can be customized via Options -> BibTeX in Mendeley Desktop

@article{Ivanitsky2010,
author = {Иваницкий, А. М.},
file = {:C$\backslash$:/Users/sanek/Documents/Mendeley Desktop/Вестник РАН/2010/Иваницкий - 2010.pdf:pdf},
journal = {Вестник РАН},
keywords = {consciousness},
language = {russian},
mendeley-tags = {consciousness},
number = {5-6},
pages = {447--455},
title = {{Наука о мозге на пути к решению проблемы сознания}},
volume = {80},
year = {2010}
}
