Automatically generated by Mendeley Desktop 1.17.6
Any changes to this file will be lost if it is regenerated by Mendeley.

BibTeX export options can be customized via Options -> BibTeX in Mendeley Desktop

@article{Ivanitsky1996,
author = {Иваницкий, А. М.},
file = {:C$\backslash$:/Users/sanek/Documents/Mendeley Desktop/Журнал высшей нервной деятельности/1996/Иваницкий - 1996.pdf:pdf},
journal = {Журнал высшей нервной деятельности},
language = {russian},
number = {2},
pages = {241--282},
title = {{Мозговая основа субъективных переживаний: гипотеза информационного синтеза}},
volume = {46},
year = {1996}
}
