Automatically generated by Mendeley Desktop 1.17.6
Any changes to this file will be lost if it is regenerated by Mendeley.

BibTeX export options can be customized via Options -> BibTeX in Mendeley Desktop

@techreport{Jaeger2014a,
archivePrefix = {arXiv},
arxivId = {arXiv:1403.3369v1},
author = {Jaeger, Herbert},
eprint = {arXiv:1403.3369v1},
file = {:C$\backslash$:/Users/sanek/Documents/Mendeley Desktop/Unknown/2014/Jaeger - 2014(2).pdf:pdf},
institution = {Jacobs University Bremen},
title = {{Controlling Recurrent Neural Networks by Conceptors}},
year = {2014}
}
