Automatically generated by Mendeley Desktop 1.17.6
Any changes to this file will be lost if it is regenerated by Mendeley.

BibTeX export options can be customized via Options -> BibTeX in Mendeley Desktop

@book{Jakus2013,
address = {New York},
author = {Jakus, Grega and Milutinovic, Veljko and Omerovic, Sanida and Tomazic, Saso},
file = {:C$\backslash$:/Users/sanek/Documents/Mendeley Desktop/Unknown/2013/Jakus et al. - 2013.pdf:pdf},
isbn = {9781461478218},
pages = {67},
publisher = {Srpinger},
title = {{Concepts, Ontologies, and Knowledge Representation}},
year = {2013}
}
