Automatically generated by Mendeley Desktop 1.17.6
Any changes to this file will be lost if it is regenerated by Mendeley.

BibTeX export options can be customized via Options -> BibTeX in Mendeley Desktop

@inproceedings{Jamroga2012,
author = {Jamroga, Wojciech},
booktitle = {ECAI 2012: 20h European Conference on Artificial Intelligence: Proceedings},
doi = {10.3233/978-1-61499-098-7-438},
file = {:C$\backslash$:/Users/sanek/Documents/Mendeley Desktop/ECAI 2012 20h European Conference on Artificial Intelligence Proceedings/2012/Jamroga - 2012.pdf:pdf},
isbn = {9781614990987},
pages = {438--443},
title = {{Concepts, Agents, and Coalitions in Alternating Time}},
year = {2012}
}
