Automatically generated by Mendeley Desktop 1.17.6
Any changes to this file will be lost if it is regenerated by Mendeley.

BibTeX export options can be customized via Options -> BibTeX in Mendeley Desktop

@article{Jaynes1986,
author = {Jaynes, Julian},
file = {:C$\backslash$:/Users/sanek/Documents/Mendeley Desktop/Canadian Psychology/1986/Jaynes - 1986.pdf:pdf;:C$\backslash$:/Users/sanek/Documents/Mendeley Desktop/Canadian Psychology/1986/Jaynes - 1986.rtf:rtf},
journal = {Canadian Psychology},
keywords = {bicameral mind,consciousness},
number = {2},
pages = {128--148},
title = {{Consciousness and the Voices of the Mind}},
volume = {27},
year = {1986}
}
