Automatically generated by Mendeley Desktop 1.17.6
Any changes to this file will be lost if it is regenerated by Mendeley.

BibTeX export options can be customized via Options -> BibTeX in Mendeley Desktop

@phdthesis{Jilyakova2013a,
author = {Жилякова, Л. Ю.},
file = {:C$\backslash$:/Users/sanek/Documents/Mendeley Desktop/Unknown/2013/Жилякова - 2013.pdf:pdf},
language = {russian},
pages = {305},
school = {ИПУ РАН},
title = {{Реусурсные сети и анализ их динамики}},
year = {2013}
}
