Automatically generated by Mendeley Desktop 1.17.6
Any changes to this file will be lost if it is regenerated by Mendeley.

BibTeX export options can be customized via Options -> BibTeX in Mendeley Desktop

@article{Jones2000a,
author = {Jones, E. G.},
doi = {10.1073/pnas.97.10.5019},
file = {:C$\backslash$:/Users/sanek/Documents/Mendeley Desktop/Proceedings of the National Academy of Sciences/2000/Jones - 2000.pdf:pdf},
issn = {0027-8424},
journal = {Proceedings of the National Academy of Sciences},
number = {10},
pages = {5019--5021},
title = {{Microcolumns in the cerebral cortex}},
url = {http://www.pnas.org/content/97/10/5019.full},
volume = {97},
year = {2000}
}
