Automatically generated by Mendeley Desktop 1.17.6
Any changes to this file will be lost if it is regenerated by Mendeley.

BibTeX export options can be customized via Options -> BibTeX in Mendeley Desktop

@inproceedings{Kachergis2016,
address = {Austin},
author = {Kachergis, George and Berends, Floris and de Kleijn, Roy and Hommel, Bernhard},
booktitle = {Proceedings of the 38th Annual Conference of the Cognitive Science Society},
editor = {Papafragou, A. and Grodner, D. and Mirman, D. and Trueswell, J.C.},
file = {:C$\backslash$:/Users/sanek/Documents/Mendeley Desktop/Proceedings of the 38th Annual Conference of the Cognitive Science Society/2016/Kachergis et al. - 2016.pdf:pdf},
keywords = {movement trajectory,quential action,reinforcement learning,se-,sequence learning,serial reaction time task},
pages = {193--198},
publisher = {Cognitive Science Society},
title = {{Human Reinforcement Learning of Sequential Action}},
year = {2016}
}
