Automatically generated by Mendeley Desktop 1.17.6
Any changes to this file will be lost if it is regenerated by Mendeley.

BibTeX export options can be customized via Options -> BibTeX in Mendeley Desktop

@article{Kaelbling2016,
author = {Kaelbling, Leslie Pack},
file = {:C$\backslash$:/Users/sanek/Documents/Mendeley Desktop/Unknown/2016/Kaelbling - 2016.pdf:pdf},
isbn = {9781467380256},
pages = {5455--5462},
title = {{Implicit Belief-Space Pre-images for Hierarchical Planning and Execution}},
year = {2016}
}
