Automatically generated by Mendeley Desktop 1.17.6
Any changes to this file will be lost if it is regenerated by Mendeley.

BibTeX export options can be customized via Options -> BibTeX in Mendeley Desktop

@inproceedings{Kaelbling2011,
author = {Kaelbling, Leslie Pack},
booktitle = {Proceedings og 2011 IEEE International Conference on Robotics and Automation},
file = {:C$\backslash$:/Users/sanek/Documents/Mendeley Desktop/Proceedings og 2011 IEEE International Conference on Robotics and Automation/2011/Kaelbling - 2011.pdf:pdf},
isbn = {9781612843858},
keywords = {plan},
mendeley-tags = {plan},
pages = {1470--1477},
publisher = {IEEE},
title = {{Hierarchical task and motion planning in the now}},
year = {2011}
}
