Automatically generated by Mendeley Desktop 1.17.6
Any changes to this file will be lost if it is regenerated by Mendeley.

BibTeX export options can be customized via Options -> BibTeX in Mendeley Desktop

@book{Kahneman2011,
address = {New York},
author = {Kahneman, Daniel},
file = {:C$\backslash$:/Users/sanek/Documents/Mendeley Desktop/Unknown/2011/Kahneman - 2011.pdf:pdf},
isbn = {978-0141033570},
pages = {443},
publisher = {Penguin},
title = {{Thinking Fast and Slow}},
year = {2011}
}
