Automatically generated by Mendeley Desktop 1.17.6
Any changes to this file will be lost if it is regenerated by Mendeley.

BibTeX export options can be customized via Options -> BibTeX in Mendeley Desktop

@book{Kalman1971,
address = {М.},
author = {Калман, Р. and Фалб, П. and Арбиб, М.},
language = {russian},
publisher = {Мир},
title = {{Очерки по математической теории систем}},
year = {1971}
}
