Automatically generated by Mendeley Desktop 1.17.6
Any changes to this file will be lost if it is regenerated by Mendeley.

BibTeX export options can be customized via Options -> BibTeX in Mendeley Desktop

@book{Kalyaev2009b,
address = {М.},
author = {Каляев, И. А. and Гайдук, А. Р. and Капустян, С. Г.},
file = {:C$\backslash$:/Users/sanek/Documents/Mendeley Desktop/Unknown/2009/Каляев, Гайдук, Капустян - 2009.pdf:pdf},
language = {russian},
pages = {280},
publisher = {ФИЗМАТЛИТ},
title = {{Модели и алгоритмы коллективного управления в группах роботов}},
year = {2009}
}
