Automatically generated by Mendeley Desktop 1.17.6
Any changes to this file will be lost if it is regenerated by Mendeley.

BibTeX export options can be customized via Options -> BibTeX in Mendeley Desktop

@article{Kalyaev2009a,
author = {Каляев, И. А. and Капустян, С. Г.},
file = {:C$\backslash$:/Users/sanek/Documents/Mendeley Desktop/Мехатроника, автоматизация, управление/2009/Каляев, Капустян - 2009.pdf:pdf},
journal = {Мехатроника, автоматизация, управление},
language = {russian},
number = {6},
pages = {33--40},
title = {{Проблемы группового управления роботами}},
year = {2009}
}
