Automatically generated by Mendeley Desktop 1.17.6
Any changes to this file will be lost if it is regenerated by Mendeley.

BibTeX export options can be customized via Options -> BibTeX in Mendeley Desktop

@inproceedings{Kan2010,
address = {М.},
author = {Кан, Л. В. and Косоусова, К. И. and Кузнецова, Ю. М. and Панов, А. И. and Петров, А. В. and Чудова, Н. В.},
booktitle = {"Психология образования: социокультурный ресурс Национальной образовательной инициативы "Наша новая школа"" (Москва, 14-16 декабря 2010 г.): Материалы VI Всероссийской научно- практической конференции},
file = {:C$\backslash$:/Users/sanek/Documents/Mendeley Desktop/Психология образования социокультурный ресурс Национальной образовательной ини.) Материалы VI Всероссийской научно- практической конференции/2010/Кан et al. - 2010.pdf:pdf},
keywords = {09-07-12128,myconf},
language = {russian},
mendeley-tags = {09-07-12128,myconf},
pages = {107--109},
publisher = {Общероссийская общественная организация "Федерация психологов образования России"},
title = {{Когнитивное моделирование в обеспечении деятельности практического психолога}},
year = {2010}
}
