Automatically generated by Mendeley Desktop 1.17.6
Any changes to this file will be lost if it is regenerated by Mendeley.

BibTeX export options can be customized via Options -> BibTeX in Mendeley Desktop

@article{Kapustyan2006b,
author = {Капустян, С. Г.},
file = {:C$\backslash$:/Users/sanek/Documents/Mendeley Desktop/Искусственный интеллект/2006/Капустян - 2006.pdf:pdf},
journal = {Искусственный интеллект},
language = {russian},
number = {3},
pages = {409--420},
title = {{Алгоритмы коллективного улучшения плана в задачах группового управления роботами}},
year = {2006}
}
