Automatically generated by Mendeley Desktop 1.17.6
Any changes to this file will be lost if it is regenerated by Mendeley.

BibTeX export options can be customized via Options -> BibTeX in Mendeley Desktop

@article{Kapustyan2006a,
author = {Капустян, С. Г.},
file = {:C$\backslash$:/Users/sanek/Documents/Mendeley Desktop/Известия высших учебных заведений, Электроника/2006/Капустян - 2006.pdf:pdf},
journal = {Известия высших учебных заведений, Электроника},
language = {russian},
number = {2},
pages = {84--91},
title = {{Децентрализованный метод коллективного распределения целей в группе роботов}},
year = {2006}
}
