Automatically generated by Mendeley Desktop 1.17.6
Any changes to this file will be lost if it is regenerated by Mendeley.

BibTeX export options can be customized via Options -> BibTeX in Mendeley Desktop

@inproceedings{Karpov2015a,
author = {Карпов, В. Э.},
booktitle = {Интегрированные модели и мягкие вычисления в искусственном интеллекте. Сб. научных трудов VIII-й Международной научно-технической конференции (Коломна, 18-20 мая 2015 г.). В 2-х томах},
file = {:C$\backslash$:/Users/sanek/Documents/Mendeley Desktop/Интегрированные модели и мягкие вычисления в искусственном интеллекте. Сб. научных трудов VIII-й Международной научно-техническ. В 2-х томах/2015/Карпов - 2015.pdf:pdf},
pages = {504--514},
publisher = {Физматлит},
title = {{Знак-ориентированный механизм локального взаимодействия между роботами}},
volume = {2},
year = {2015}
}
