Automatically generated by Mendeley Desktop 1.17.6
Any changes to this file will be lost if it is regenerated by Mendeley.

BibTeX export options can be customized via Options -> BibTeX in Mendeley Desktop

@article{Kashirin2010,
author = {Каширин, Д. И. and Каширин, И. Ю.},
file = {:C$\backslash$:/Users/sanek/Documents/Mendeley Desktop/Вестник РГРТУ/2010/Каширин, Каширин - 2010.pdf:pdf},
journal = {Вестник РГРТУ},
language = {russian},
number = {1},
title = {{Модели представления знаний в системах искусственного интеллекта}},
volume = {31},
year = {2010}
}
