Automatically generated by Mendeley Desktop 1.17.6
Any changes to this file will be lost if it is regenerated by Mendeley.

BibTeX export options can be customized via Options -> BibTeX in Mendeley Desktop

@article{Kaufman2000,
author = {Kaufman, Kenneth A. and Michalski, Ryszard S.},
file = {:C$\backslash$:/Users/sanek/Documents/Mendeley Desktop/Journal of Intelligent Information Systems/2000/Kaufman, Michalski - 2000.pdf:pdf},
journal = {Journal of Intelligent Information Systems},
keywords = {aq learning,data mining,decision rules,learning from noisy data,machine learning,natural induction,separate and conquer},
pages = {199--216},
title = {{An Adjustable Description Quality Measure for Pattern Discovery in Large Databases Using the AQ Methodology}},
volume = {14},
year = {2000}
}
