Automatically generated by Mendeley Desktop 1.17.6
Any changes to this file will be lost if it is regenerated by Mendeley.

BibTeX export options can be customized via Options -> BibTeX in Mendeley Desktop

@techreport{Kaufman1999,
author = {Kaufman, Kenneth A. and Michalski, Ryszard S.},
file = {:C$\backslash$:/Users/sanek/Documents/Mendeley Desktop/Unknown/1999/Kaufman, Michalski - 1999.pdf:pdf},
institution = {George Mason University},
pages = {19},
title = {{Learning in an inconsistent world}},
year = {1999}
}
