Automatically generated by Mendeley Desktop 1.17.6
Any changes to this file will be lost if it is regenerated by Mendeley.

BibTeX export options can be customized via Options -> BibTeX in Mendeley Desktop

@article{Keet2008,
author = {Keet, C. Maria and Artale, Alessandro},
file = {:C$\backslash$:/Users/sanek/Documents/Mendeley Desktop/Applied Ontology - Ontological Foundations of Conceptual Modelling/2008/Keet, Artale - 2008.pdf:pdf},
journal = {Applied Ontology - Ontological Foundations of Conceptual Modelling},
keywords = {conceptual modelling,description logics reasoning,mereology,part-whole relation},
number = {1-2},
pages = {91--110},
title = {{Representing and Reasoning over a Taxonomy of Part-Whole Relations}},
volume = {3},
year = {2008}
}
