Automatically generated by Mendeley Desktop 1.17.6
Any changes to this file will be lost if it is regenerated by Mendeley.

BibTeX export options can be customized via Options -> BibTeX in Mendeley Desktop

@book{Keisler1977,
address = {М.},
author = {Кейслер, Г. and Чэн, Ч. Ч.},
file = {:C$\backslash$:/Users/sanek/Documents/Mendeley Desktop/Unknown/1977/Кейслер, Чэн - 1977.pdf:pdf},
language = {russian},
pages = {614},
publisher = {Мир},
title = {{Теория моделей}},
year = {1977}
}
