Automatically generated by Mendeley Desktop 1.17.6
Any changes to this file will be lost if it is regenerated by Mendeley.

BibTeX export options can be customized via Options -> BibTeX in Mendeley Desktop

@article{Kelley2006,
abstract = {Abstract: This paper describes the ongoing development of a robotic control architecture that was inspired by computational cognitive architectures from the discipline of cognitive psychology. The robotic control architecture combines symbolic and subsymbolic ...},
author = {Kelley, Troy Dale},
doi = {10.5772/5736},
file = {:C$\backslash$:/Users/sanek/Documents/Mendeley Desktop/International Journal of Advanced Robotic Systems/2006/Kelley - 2006.pdf:pdf},
isbn = {9780819481740},
issn = {17298806},
journal = {International Journal of Advanced Robotic Systems},
keywords = {Cognitive architecture,Cognitive psychology,Robotic architecture,Robotic control},
number = {3},
pages = {219--222},
title = {{Developing a psychologically inspired cognitive architecture for robotic control: The Symbolic and Subsymbolic Robotic Intelligence Control System (SS-RICS)}},
volume = {3},
year = {2006}
}
