Automatically generated by Mendeley Desktop 1.17.6
Any changes to this file will be lost if it is regenerated by Mendeley.

BibTeX export options can be customized via Options -> BibTeX in Mendeley Desktop

@incollection{Kelly1991,
address = {London},
author = {Kelly, G. A.},
booktitle = {The psychology of personal constructs},
publisher = {Routledge},
title = {{A theory of personality}},
volume = {I},
year = {1991}
}
