Automatically generated by Mendeley Desktop 1.17.6
Any changes to this file will be lost if it is regenerated by Mendeley.

BibTeX export options can be customized via Options -> BibTeX in Mendeley Desktop

@article{Kenya2009,
author = {of Kenya, Government},
file = {:C$\backslash$:/Users/sanek/Documents/Mendeley Desktop/Unknown/2009/Kenya - 2009.pdf:pdf},
keywords = {development plans,implementation,legislations,regulate,sustainable development},
number = {1996},
pages = {1--85},
title = {{T He P Hysical P Lanning a Ct}},
volume = {2009},
year = {2009}
}
