Automatically generated by Mendeley Desktop 1.17.6
Any changes to this file will be lost if it is regenerated by Mendeley.

BibTeX export options can be customized via Options -> BibTeX in Mendeley Desktop

@inproceedings{Kerber1992,
author = {Kerber, Randy},
booktitle = {AAAI-92 Proceedings},
file = {:C$\backslash$:/Users/sanek/Documents/Mendeley Desktop/AAAI-92 Proceedings/1992/Kerber - 1992.pdf:pdf},
pages = {123--128},
title = {{ChiMerge: Discretization of Numeric Attributes}},
year = {1992}
}
