Automatically generated by Mendeley Desktop 1.17.6
Any changes to this file will be lost if it is regenerated by Mendeley.

BibTeX export options can be customized via Options -> BibTeX in Mendeley Desktop

@book{Khomskaya2005,
address = {СПб.},
edition = {3-е изд.},
editor = {Хомская, Е. Д.},
file = {:C$\backslash$:/Users/sanek/Documents/Mendeley Desktop/Unknown/2011/Unknown - 2011.pdf:pdf},
isbn = {5469006204},
language = {russian},
pages = {992},
publisher = {Питер},
title = {{Нейропсихология: Хрестоматия}},
year = {2011}
}
