Automatically generated by Mendeley Desktop 1.17.6
Any changes to this file will be lost if it is regenerated by Mendeley.

BibTeX export options can be customized via Options -> BibTeX in Mendeley Desktop

@article{Kim2013,
author = {Kim, Jong-Hwan and Choi, Seung-Hwan and Park, In-Won and Zaheer, Sheir Afgen},
doi = {10.1109/MCI.2013.2264573},
file = {:C$\backslash$:/Users/sanek/Documents/Mendeley Desktop/IEEE Computational Intelligence Magazine/2013/Kim et al. - 2013.pdf:pdf},
journal = {IEEE Computational Intelligence Magazine},
keywords = {cog{\_}arch},
mendeley-tags = {cog{\_}arch},
number = {3},
pages = {70--84},
title = {{Intelligence Technology for Robots That Think}},
volume = {8},
year = {2013}
}
