Automatically generated by Mendeley Desktop 1.17.6
Any changes to this file will be lost if it is regenerated by Mendeley.

BibTeX export options can be customized via Options -> BibTeX in Mendeley Desktop

@inproceedings{Kiselev2016,
abstract = {В работе представлены результаты экспериментов, проведенных с алгоритмом планирования поведения в знаковой картине мира в STRIPS постановке задачи. В картине мира алгоритм генерирует последовательность действий на основании компонентов элементов картины мира – компонентов знаков. Приведены основные шаги алгоритма планирования поведения – MAP алгоритма. Представлены основные компоненты программной реализации, проведены эксперименты с классической задачей STRIPS планирования «Мир блоков».},
address = {Тверь},
author = {Киселев, Г. А. and Панов, А. И.},
booktitle = {Информатика, управление и системный анализ: Труды IV Всероссийской научной конференции молодых учёных с международным участием},
file = {:C$\backslash$:/Users/sanek/Documents/Mendeley Desktop/Информатика, управление и системный анализ Труды IV Всероссийской научной конференции молодых учёных с международным участием/2016/Киселев, Панов - 2016.doc:doc;:C$\backslash$:/Users/sanek/Documents/Mendeley Desktop/Информатика, управление и системный анализ Труды IV Всероссийской научной конференции молодых учёных с международным участием/2016/Киселев, Панов - 2016.pdf:pdf},
keywords = {15-07-06214,myconf},
language = {russian},
mendeley-tags = {15-07-06214,myconf},
pages = {131--138},
publisher = {Тверской государственный технический университет},
title = {{STRIPS постановка задачи планирования поведения в знаковой картине мира}},
volume = {I},
year = {2016}
}
