Automatically generated by Mendeley Desktop 1.17.6
Any changes to this file will be lost if it is regenerated by Mendeley.

BibTeX export options can be customized via Options -> BibTeX in Mendeley Desktop

@article{Klusch2002,
author = {Klusch, Matthias and Gerber, Andreas},
file = {:C$\backslash$:/Users/sanek/Documents/Mendeley Desktop/IEEE Intelligent Systems/2002/Klusch, Gerber - 2002.pdf:pdf},
journal = {IEEE Intelligent Systems},
number = {3},
pages = {42--47},
title = {{Dynamic Coalition Formation among Rational Agents}},
volume = {17},
year = {2002}
}
