Automatically generated by Mendeley Desktop 1.17.6
Any changes to this file will be lost if it is regenerated by Mendeley.

BibTeX export options can be customized via Options -> BibTeX in Mendeley Desktop

@book{Kober2014,
address = {Cham},
author = {Kober, Jens and Peters, Jan},
doi = {10.1007/978-3-319-03194-1},
file = {:C$\backslash$:/Users/sanek/Documents/Mendeley Desktop/Unknown/2014/Kober, Peters - 2014.pdf:pdf},
isbn = {978-3-319-03193-4},
publisher = {Springer International Publishing},
series = {Springer Tracts in Advanced Robotics},
title = {{Learning Motor Skills}},
url = {http://link.springer.com/10.1007/978-3-319-03194-1},
volume = {97},
year = {2014}
}
