Automatically generated by Mendeley Desktop 1.17.6
Any changes to this file will be lost if it is regenerated by Mendeley.

BibTeX export options can be customized via Options -> BibTeX in Mendeley Desktop

@article{Kohonen1982,
author = {Kohonen, Teuvo},
file = {:C$\backslash$:/Users/sanek/Documents/Mendeley Desktop/Biological Cybernetics/1982/Kohonen - 1982.pdf:pdf},
journal = {Biological Cybernetics},
number = {43},
pages = {59--69},
title = {{Self-Organized Formation of Topologically Correct Feature Maps}},
year = {1982}
}
