Automatically generated by Mendeley Desktop 1.17.6
Any changes to this file will be lost if it is regenerated by Mendeley.

BibTeX export options can be customized via Options -> BibTeX in Mendeley Desktop

@article{Kolmogorov1965,
author = {Колмогоров, А. Н.},
file = {:C$\backslash$:/Users/sanek/Documents/Mendeley Desktop/Проблемы передачи информации/1965/Колмогоров - 1965.pdf:pdf},
journal = {Проблемы передачи информации},
language = {russian},
number = {1},
pages = {3--11},
title = {{Три подхода к определению понятия ``количества информации''}},
volume = {1},
year = {1965}
}
