Automatically generated by Mendeley Desktop 1.17.6
Any changes to this file will be lost if it is regenerated by Mendeley.

BibTeX export options can be customized via Options -> BibTeX in Mendeley Desktop

@inproceedings{Kononenko1995,
author = {Kononenko, Igor},
booktitle = {IJCAI'95 Proceedings of the 14th international joint conference on Artificial intelligence - Volume 2},
file = {:C$\backslash$:/Users/sanek/Documents/Mendeley Desktop/IJCAI'95 Proceedings of the 14th international joint conference on Artificial intelligence - Volume 2/1995/Kononenko - 1995.pdf:pdf},
pages = {1034--1040},
title = {{On Biases in Estimating Multi-Valued Attributes}},
year = {1995}
}
