Automatically generated by Mendeley Desktop 1.17.6
Any changes to this file will be lost if it is regenerated by Mendeley.

BibTeX export options can be customized via Options -> BibTeX in Mendeley Desktop

@article{Kostavelis2012,
author = {Kostavelis, Ioannis and Gasteratos, Antonios},
doi = {10.1016/j.patrec.2011.11.017},
file = {:C$\backslash$:/Users/sanek/Documents/Mendeley Desktop/Pattern Recognition Letters/2012/Kostavelis, Gasteratos - 2012.pdf:pdf},
issn = {01678655},
journal = {Pattern Recognition Letters},
keywords = {htm},
mendeley-tags = {htm},
number = {5},
pages = {670--676},
publisher = {Elsevier B.V.},
title = {{On the optimization of Hierarchical Temporal Memory}},
url = {http://linkinghub.elsevier.com/retrieve/pii/S0167865511004077},
volume = {33},
year = {2012}
}
