Automatically generated by Mendeley Desktop 1.17.6
Any changes to this file will be lost if it is regenerated by Mendeley.

BibTeX export options can be customized via Options -> BibTeX in Mendeley Desktop

@incollection{Koutn2008,
address = {Berlin},
author = {Koutnik, Jan and Snorek, Miroslav},
booktitle = {Artificial Neural Networks - ICANN 2008},
file = {:C$\backslash$:/Users/sanek/Documents/Mendeley Desktop/Artificial Neural Networks - ICANN 2008/2008/Koutnik, Snorek - 2008.pdf:pdf},
pages = {632--641},
publisher = {Springer},
title = {{Temporal Hebbian Self-Organizing Map for Sequences}},
year = {2008}
}
