Automatically generated by Mendeley Desktop 1.17.6
Any changes to this file will be lost if it is regenerated by Mendeley.

BibTeX export options can be customized via Options -> BibTeX in Mendeley Desktop

@phdthesis{Kozhuhova2009,
author = {Кожунова, О. С.},
file = {:C$\backslash$:/Users/sanek/Documents/Mendeley Desktop/Unknown/2009/Кожунова - 2009.pdf:pdf},
language = {russian},
pages = {21},
school = {Институт проблем информатики},
title = {{Технология разработки семантического словаря системы информационного мониторинга}},
year = {2009}
}
