Automatically generated by Mendeley Desktop 1.17.6
Any changes to this file will be lost if it is regenerated by Mendeley.

BibTeX export options can be customized via Options -> BibTeX in Mendeley Desktop

@inproceedings{Krajca2010,
author = {Krajca, Petr and Outrata, Jan and Vychodil, Vilem},
booktitle = {Proceedings of the 7th International Conference on Concept Lattices and Their Applications},
editor = {Kryszkiewicz, Marzena and Obiedkov, Sergei},
file = {:C$\backslash$:/Users/sanek/Documents/Mendeley Desktop/Proceedings of the 7th International Conference on Concept Lattices and Their Applications/2010/Krajca, Outrata, Vychodil - 2010.pdf:pdf},
issn = {16130073},
pages = {325--337},
publisher = {CEUR},
title = {{Advances in algorithms based on CbO}},
year = {2010}
}
