Automatically generated by Mendeley Desktop 1.17.6
Any changes to this file will be lost if it is regenerated by Mendeley.

BibTeX export options can be customized via Options -> BibTeX in Mendeley Desktop

@book{Krasnoschekova2007,
address = {СПб.},
author = {Краснощекова, Е. И.},
file = {:C$\backslash$:/Users/sanek/Documents/Mendeley Desktop/Unknown/2007/Краснощекова - 2007.pdf:pdf},
language = {russian},
pages = {130},
publisher = {Издательство СпбГУ},
title = {{Модульная организация нервных центров}},
year = {2007}
}
