Automatically generated by Mendeley Desktop 1.17.6
Any changes to this file will be lost if it is regenerated by Mendeley.

BibTeX export options can be customized via Options -> BibTeX in Mendeley Desktop

@incollection{Kubat1996,
author = {Kubat, Miroslav and Bratko, Ivan and Michalski, Ryszard S.},
booktitle = {Machine Learning and Data Mining: Methods and Applications},
file = {:C$\backslash$:/Users/sanek/Documents/Mendeley Desktop/Machine Learning and Data Mining Methods and Applications/1996/Kubat, Bratko, Michalski - 1996.pdf:pdf},
pages = {1--72},
title = {{A Review of Machine Learning Methods}},
year = {1996}
}
