Automatically generated by Mendeley Desktop 1.17.6
Any changes to this file will be lost if it is regenerated by Mendeley.

BibTeX export options can be customized via Options -> BibTeX in Mendeley Desktop

@book{Kudryavtcev1985,
address = {М.},
author = {Кудрявцев, В. Б. and Алешин, С. В. and Подколзин, А. С.},
language = {russian},
pages = {320},
publisher = {Наука},
title = {{Введение в теорию автоматов}},
year = {1985}
}
