Automatically generated by Mendeley Desktop 1.17.6
Any changes to this file will be lost if it is regenerated by Mendeley.

BibTeX export options can be customized via Options -> BibTeX in Mendeley Desktop

@inproceedings{Kulinich2016,
address = {М.},
author = {Кулинич, А. А.},
booktitle = {Инжиниринг предприятий и управление знаниями (ИП{\&}УЗ-2016) : сборник научных трудов XIX научно-практической конференции. 26– 27 апреля 2016 г.},
editor = {Тельнова, Ю. Ф.},
file = {:C$\backslash$:/Users/sanek/Documents/Mendeley Desktop/Инжиниринг предприятий и управление знаниями (ИП{\&}УЗ-2016) сборник научных трудов XIX научно-практической конференции. 26– 27 апреля 2016 г/2016/Кулинич - 2016.pdf:pdf},
language = {russian},
pages = {42--48},
publisher = {ФГБОУ ВО {\textless}{\textless}РЭУ им. Г. В. Плеханова{\textgreater}{\textgreater}},
title = {{Ситуационный, когнитивный и семиотический подходы к моделированию организаций}},
year = {2016}
}
