Automatically generated by Mendeley Desktop 1.17.6
Any changes to this file will be lost if it is regenerated by Mendeley.

BibTeX export options can be customized via Options -> BibTeX in Mendeley Desktop

@unpublished{Kuznetcov2011,
author = {Кузнецов, С. О.},
file = {:C$\backslash$:/Users/sanek/Documents/Mendeley Desktop/Unknown/2011/Кузнецов - 2011.pdf:pdf},
language = {russian},
pages = {90},
title = {{Решетки формальных понятий в современных методах анализа и разработки данных}},
year = {2011}
}
