Automatically generated by Mendeley Desktop 1.17.6
Any changes to this file will be lost if it is regenerated by Mendeley.

BibTeX export options can be customized via Options -> BibTeX in Mendeley Desktop

@inproceedings{Kuznetsov2001,
author = {Kuznetsov, Sergei O. and Ob''edkov, Sergei A.},
booktitle = {ICCS'01 International Workshop on Concept Lattices-based KDD},
file = {:C$\backslash$:/Users/sanek/Documents/Mendeley Desktop/ICCS'01 International Workshop on Concept Lattices-based KDD/2001/Kuznetsov, Ob''edkov - 2001.pdf:pdf},
pages = {35--47},
title = {{Comparing Performance of Algorithms for Generating Concept Lattices}},
year = {2001}
}
