Automatically generated by Mendeley Desktop 1.17.6
Any changes to this file will be lost if it is regenerated by Mendeley.

BibTeX export options can be customized via Options -> BibTeX in Mendeley Desktop

@inproceedings{Kuznetcova2011,
abstract = {Разработаны и реализованы экспериментальные интеллектуальные агенты с сознанием, для изучения поведения таких агентов проведена серия компьютерных экспериментов. Разработка модели поведения, основанного на сознании, велась в рамках культурно-исторического подхода. Предложена модель процесса формирования индивидуального знания. В рамках этого процесса выделено и исследовано формирование и функционирование знаковоопосредованного знания, выделен структурный элемент такого знания – знак, описаны его компоненты.},
address = {Челябинск},
author = {Кузнецова, Ю. М. and Осипов, Г. С. and Панов, А. И. and Петров, А. В. and Чудова, Н. В.},
booktitle = {Системный анализ и информационные технологии: тр. Четвертой Междунар. конф. (Абзаково, Россия, 17–23 авг. 2011 г.): в 2т.},
file = {:C$\backslash$:/Users/sanek/Documents/Mendeley Desktop/Системный анализ и информационные технологии тр. Четвертой Междунар. конф. (Абзаково, Россия, 17–23 авг. 2011 г.) в 2т/2011/Кузнецова et al. - 2011.pdf:pdf;:C$\backslash$:/Users/sanek/Documents/Mendeley Desktop/Системный анализ и информационные технологии тр. Четвертой Междунар. конф. (Абзаково, Россия, 17–23 авг. 2011 г.) в 2т/2011/Кузнецова et al. - 2011.doc:doc},
keywords = {myconf},
language = {russian},
mendeley-tags = {myconf},
pages = {6--13},
publisher = {Изд-во Челяб. Гос. ун–та},
title = {{Моделирование поведения, управляемого сознанием}},
volume = {1},
year = {2011}
}
