Automatically generated by Mendeley Desktop 1.17.6
Any changes to this file will be lost if it is regenerated by Mendeley.

BibTeX export options can be customized via Options -> BibTeX in Mendeley Desktop

@article{Kuznetcova2012b,
author = {Кузнецова, Ю. М.},
file = {:C$\backslash$:/Users/sanek/Documents/Mendeley Desktop/Труды Института системного анализа/2012/Кузнецова - 2012.pdf:pdf},
journal = {Труды Института системного анализа},
keywords = {12-07-00611,lingvo},
language = {russian},
mendeley-tags = {12-07-00611,lingvo},
number = {3},
pages = {116--131},
title = {{Понимание и проблемы языкового выражения смысла}},
volume = {62},
year = {2012}
}
