Automatically generated by Mendeley Desktop 1.17.6
Any changes to this file will be lost if it is regenerated by Mendeley.

BibTeX export options can be customized via Options -> BibTeX in Mendeley Desktop

@unpublished{Kuznetcov2007,
author = {Кузнецов, С. О.},
file = {:C$\backslash$:/Users/sanek/Documents/Mendeley Desktop/Unknown/2007/Кузнецов - 2007.pdf:pdf},
language = {russian},
pages = {152},
title = {{Теория решеток замкнутых множеств}},
year = {2007}
}
