Automatically generated by Mendeley Desktop 1.17.6
Any changes to this file will be lost if it is regenerated by Mendeley.

BibTeX export options can be customized via Options -> BibTeX in Mendeley Desktop

@article{Kuznetcova2015,
abstract = {Статья представляет собой обзор некоторых из имеющихся в специальной литературе представлений о структуре, функциях и разновидностях дефиниции как характерной для научной коммуникации формы выражения знания. Основное внимание уделяется лингвистическим моделям дефиниции, в которых представлено описание конкретных языковых средств выражения дефиниций, а также их типологий, основанных на структурных и содержательных особенностях. На примерах показано, что особую техническую сложность может вызывать идентификация дефиниций с модифицированной структурой, отклоняющейся от классической трехчастной, а также дефиниций, выраженных более чем одним предложением.},
author = {Кузнецова, Ю. М.},
journal = {Искусственный интеллект и принятие решений},
keywords = {15-07-06214,lingvo,автоматическая обработка текста,научная дефиниция,научный текст},
language = {russian},
mendeley-tags = {15-07-06214,lingvo},
number = {3},
pages = {70--82},
title = {{Дефиниции в научном тексте: функции, виды, способы выражения и возможности идентификации}},
year = {2015}
}
