Automatically generated by Mendeley Desktop 1.17.6
Any changes to this file will be lost if it is regenerated by Mendeley.

BibTeX export options can be customized via Options -> BibTeX in Mendeley Desktop

@inproceedings{Kuznetcova2012a,
address = {М.},
author = {Кузнецова, Ю. М. and Панов, А. И. and Петров, А. В. and Чудова, Н. В.},
booktitle = {V съезд Общероссийской общественной организации "Российское психологическое общество". Материалы участников съезда},
file = {:C$\backslash$:/Users/sanek/Documents/Mendeley Desktop/V съезд Общероссийской общественной организации Российское психологическое общество. Материалы участников съезда/2012/Кузнецова et al. - 2012.pdf:pdf;:C$\backslash$:/Users/sanek/Documents/Mendeley Desktop/V съезд Общероссийской общественной организации Российское психологическое общество. Материалы участников съезда/2012/Кузнецова et al. - 2012.doc:doc},
keywords = {myth},
language = {russian},
mendeley-tags = {myth},
pages = {490--491},
publisher = {Российское психологическое общество},
title = {{Элементы знакового опосредования в интеллектуальном агенте}},
year = {2012}
}
