Automatically generated by Mendeley Desktop 1.17.6
Any changes to this file will be lost if it is regenerated by Mendeley.

BibTeX export options can be customized via Options -> BibTeX in Mendeley Desktop

@article{Kuznetsov1996,
author = {Kuznetsov, S. O.},
file = {:C$\backslash$:/Users/sanek/Documents/Mendeley Desktop/Journal of Mathematical Sciences/1996/Kuznetsov - 1996.pdf:pdf},
journal = {Journal of Mathematical Sciences},
number = {2},
pages = {1654--1698},
title = {{Mathematical aspects of concept analysis}},
url = {http://link.springer.com/article/10.1007/BF02362847},
volume = {80},
year = {1996}
}
