Automatically generated by Mendeley Desktop 1.17.6
Any changes to this file will be lost if it is regenerated by Mendeley.

BibTeX export options can be customized via Options -> BibTeX in Mendeley Desktop

@article{Kuznetcova2016,
abstract = {В работе обсуждается специфика функционирования концепта «картина мира» в различных сферах научного дискурса. Выделены три основных аспекта его содержания, актуализация которых является предметоспецифичной: организация знаний, полученных на основании определенной научной парадигмы; структура, образованная определенными разновидностями объектов; зафиксированный опыт, опосредующий дальнейшее взаимодействие с реальностью. Характерный для методологического и естественнонаучного дискурса подход к картине мира как к результату рефлексии познавательной деятельности может быть в целом противопоставлен гуманитарному, где картина мира выступает в качестве предмета познания.},
author = {Кузнецова, Ю. М.},
file = {:C$\backslash$:/Users/sanek/Documents/Mendeley Desktop/Труды Института системного анализа/2016/Кузнецова - 2016.pdf:pdf;:C$\backslash$:/Users/sanek/Documents/Mendeley Desktop/Труды Института системного анализа/2016/Кузнецова - 2016(2).pdf:pdf},
journal = {Труды Института системного анализа},
keywords = {15-07-06214,lingvo,psycho,гуманитарное знание,естественные науки,картина мира,научный дискурс},
language = {russian},
mendeley-tags = {15-07-06214,lingvo,psycho},
number = {3},
pages = {117--132},
title = {{Концепт "Картина мира" в современном русскоязычном научном дискурсе}},
year = {2016}
}
