Automatically generated by Mendeley Desktop 1.17.6
Any changes to this file will be lost if it is regenerated by Mendeley.

BibTeX export options can be customized via Options -> BibTeX in Mendeley Desktop

@book{Laird2012,
author = {Laird, John E.},
keywords = {cog{\_}arch},
mendeley-tags = {cog{\_}arch},
pages = {374},
publisher = {MIT Press},
title = {{The Soar Cognitive Architecture}},
year = {2012}
}
