Automatically generated by Mendeley Desktop 1.17.6
Any changes to this file will be lost if it is regenerated by Mendeley.

BibTeX export options can be customized via Options -> BibTeX in Mendeley Desktop

@techreport{Laird2015,
author = {Laird, John E. and Congdon, Clare Bates},
file = {:C$\backslash$:/Users/sanek/Documents/Mendeley Desktop/Unknown/2015/Laird, Congdon - 2015.pdf:pdf},
institution = {University of Michigan},
keywords = {cog{\_}arch},
mendeley-tags = {cog{\_}arch},
title = {{The Soar User's Manual: Version 9.5.0}},
year = {2015}
}
