Automatically generated by Mendeley Desktop 1.17.6
Any changes to this file will be lost if it is regenerated by Mendeley.

BibTeX export options can be customized via Options -> BibTeX in Mendeley Desktop

@article{Lakhman2013,
author = {Лахман, К. В. and Бурцев, М. С.},
file = {:C$\backslash$:/Users/sanek/Documents/Mendeley Desktop/Математическая биология и биоинформатика/2013/Лахман, Бурцев - 2013.pdf:pdf},
journal = {Математическая биология и биоинформатика},
language = {russian},
number = {2},
pages = {419--431},
title = {{Механизмы кратковременной памяти в целенаправленном поведении нейросетевых агентов}},
volume = {8},
year = {2013}
}
