Automatically generated by Mendeley Desktop 1.17.6
Any changes to this file will be lost if it is regenerated by Mendeley.

BibTeX export options can be customized via Options -> BibTeX in Mendeley Desktop

@article{Lamme2000,
author = {Lamme, V. A. and Roelfsema, P. R.},
journal = {Trends Neuroscience},
number = {11},
pages = {571--579},
title = {{The distinct modes of vision offered by feedforward and recurrent processing}},
volume = {23},
year = {2000}
}
