Automatically generated by Mendeley Desktop 1.17.6
Any changes to this file will be lost if it is regenerated by Mendeley.

BibTeX export options can be customized via Options -> BibTeX in Mendeley Desktop

@unpublished{Lamme2005,
author = {Lamme, Victor A. F.},
file = {:C$\backslash$:/Users/sanek/Documents/Mendeley Desktop/Unknown/2005/Lamme - 2005.pdf:pdf},
pages = {1--12},
title = {{Can neuroscience reveal the true nature of consciousness?}},
year = {2005}
}
