Automatically generated by Mendeley Desktop 1.17.6
Any changes to this file will be lost if it is regenerated by Mendeley.

BibTeX export options can be customized via Options -> BibTeX in Mendeley Desktop

@inproceedings{Langley1992,
author = {Langley, Pat and Iba, Wayne and Thomposn, Kevin},
booktitle = {Proceedings of the Tenth National Conference on Artificial Intelligence},
file = {:C$\backslash$:/Users/sanek/Documents/Mendeley Desktop/Proceedings of the Tenth National Conference on Artificial Intelligence/1992/Langley, Iba, Thomposn - 1992.pdf:pdf},
number = {415},
pages = {223--228},
title = {{An Analysis of Bayesian Classifers}},
year = {1992}
}
