Automatically generated by Mendeley Desktop 1.17.6
Any changes to this file will be lost if it is regenerated by Mendeley.

BibTeX export options can be customized via Options -> BibTeX in Mendeley Desktop

@article{Lehmann1995a,
abstract = {Formal views concepts as means of intersubjective understand- ing in situations of purpose-oriented action. The formalization of concepts and systems shall especially support the interpretation and communication of conceptual relationships in different},
author = {Lehmann, Fritz and Wille, Rudolf},
file = {:C$\backslash$:/Users/sanek/Documents/Mendeley Desktop/Conceptual structures applications, Implementation and Theory/1995/Lehmann, Wille - 1995.pdf:pdf},
journal = {Conceptual structures: applications, Implementation and Theory},
pages = {32----43},
title = {{A triadic approach to formal concept analysis}},
url = {http://www.springerlink.com/index/p1l33w22701j5638.pdf},
year = {1995}
}
