Automatically generated by Mendeley Desktop 1.17.6
Any changes to this file will be lost if it is regenerated by Mendeley.

BibTeX export options can be customized via Options -> BibTeX in Mendeley Desktop

@book{Leontiev1977,
address = {М.},
author = {Леонтьев, Алексей Николаевич},
edition = {Изд. 2-е},
file = {:C$\backslash$:/Users/sanek/Documents/Mendeley Desktop/Unknown/1977/Леонтьев - 1977.pdf:pdf},
keywords = {psycho},
language = {russian},
mendeley-tags = {psycho},
pages = {304},
publisher = {Политиздат},
title = {{Деятельность. Сознание. Личность}},
year = {1977}
}
