Automatically generated by Mendeley Desktop 1.17.6
Any changes to this file will be lost if it is regenerated by Mendeley.

BibTeX export options can be customized via Options -> BibTeX in Mendeley Desktop

@book{Leontyev2009,
abstract = {this is a compendium of most of Leontyev's work.},
address = {Kettering},
author = {Leontyev, A. N.},
file = {:C$\backslash$:/Users/sanek/Documents/Mendeley Desktop/Unknown/2009/Leontyev - 2009.pdf:pdf},
isbn = {9780980542868},
keywords = {psycho},
mendeley-tags = {psycho},
pages = {428},
publisher = {Erythros Press and Media},
title = {{The Development of Mind}},
url = {http://marxists.org/archive/leontev/works/development-mind.pdf},
year = {2009}
}
