Automatically generated by Mendeley Desktop 1.17.6
Any changes to this file will be lost if it is regenerated by Mendeley.

BibTeX export options can be customized via Options -> BibTeX in Mendeley Desktop

@incollection{Leontiev1983,
address = {М.},
author = {Леонтьев, А. Н.},
booktitle = {Избранные психологические произведения},
language = {russian},
pages = {251--261},
publisher = {Педагогика},
title = {{Образ мира}},
year = {1983}
}
