Automatically generated by Mendeley Desktop 1.17.6
Any changes to this file will be lost if it is regenerated by Mendeley.

BibTeX export options can be customized via Options -> BibTeX in Mendeley Desktop

@book{Leotiev2010,
abstract = {424},
address = {М.},
author = {Леонтьев, Алексей Николаевич},
file = {:C$\backslash$:/Users/sanek/Documents/Mendeley Desktop/Unknown/2010/Леонтьев - 2010.pdf:pdf},
keywords = {psycho},
language = {russian},
mendeley-tags = {psycho},
pages = {450},
publisher = {Смысл, Academia},
title = {{Лекции по общей психологии}},
year = {2010}
}
