Automatically generated by Mendeley Desktop 1.17.6
Any changes to this file will be lost if it is regenerated by Mendeley.

BibTeX export options can be customized via Options -> BibTeX in Mendeley Desktop

@article{Levich2008,
author = {Левич, А. П.},
file = {:C$\backslash$:/Users/sanek/Documents/Mendeley Desktop/Системы и модели границы интерпретаций/2008/Левич - 2008.pdf:pdf},
journal = {Системы и модели: границы интерпретаций},
language = {russian},
pages = {25--33},
title = {{Язык категорий и функторов как архетип количественного и динамического описания Мира}},
year = {2008}
}
