Automatically generated by Mendeley Desktop 1.17.6
Any changes to this file will be lost if it is regenerated by Mendeley.

BibTeX export options can be customized via Options -> BibTeX in Mendeley Desktop

@book{Lewandowski2015,
archivePrefix = {arXiv},
arxivId = {arXiv:1011.1669v3},
booktitle = {The effects of brief mindfulness intervention on acute pain experience: An examination of individual difference},
doi = {10.1017/CBO9781107415324.004},
editor = {Lewandowski, Clare M.},
eprint = {arXiv:1011.1669v3},
file = {:C$\backslash$:/Users/sanek/Documents/Mendeley Desktop/The effects of brief mindfulness intervention on acute pain experience An examination of individual difference/2015/Unknown - 2015.pdf:pdf},
isbn = {9788578110796},
issn = {1098-6596},
keywords = {icle},
pages = {1308},
pmid = {25246403},
publisher = {Springer Netherlands},
title = {{International Handbook of Semiotics}},
year = {2015}
}
