Automatically generated by Mendeley Desktop 1.17.6
Any changes to this file will be lost if it is regenerated by Mendeley.

BibTeX export options can be customized via Options -> BibTeX in Mendeley Desktop

@article{Lieto2014,
author = {Lieto, Antonio},
doi = {10.1016/j.procs.2014.11.078},
file = {:C$\backslash$:/Users/sanek/Documents/Mendeley Desktop/Procedia Computer Science/2014/Lieto - 2014.pdf:pdf},
issn = {18770509},
journal = {Procedia Computer Science},
keywords = {cognitive architectures,cognitive systems,concept representation,knowledge representation},
pages = {6--14},
publisher = {Elsevier Masson SAS},
title = {{A Computational Framework for Concept Representation in Cognitive Systems and Architectures: Concepts as Heterogeneous Proxytypes}},
url = {http://linkinghub.elsevier.com/retrieve/pii/S1877050914015233},
volume = {41},
year = {2014}
}
