Automatically generated by Mendeley Desktop 1.17.6
Any changes to this file will be lost if it is regenerated by Mendeley.

BibTeX export options can be customized via Options -> BibTeX in Mendeley Desktop

@article{Lieto2016,
abstract = {We overview the main historical and technological elements characterising the rise, the fall and the recent renaissance of the cognitive approaches to Artificial Intelligence and provide some insights and suggestions about the future directions and challenges that, in our opinion, this discipline needs to face in the next years.},
author = {Lieto, Antonio and Radicioni, Daniele P.},
doi = {10.1016/j.cogsys.2016.02.002},
file = {:C$\backslash$:/Users/sanek/Documents/Mendeley Desktop/Cognitive Systems Research/2016/Lieto, Radicioni - 2016.pdf:pdf},
issn = {13890417},
journal = {Cognitive Systems Research},
keywords = {Artificial intelligence,Cognitive systems,Computational models of cognition,Epistemology of the artificial},
pages = {1--3},
publisher = {Elsevier B.V.},
title = {{From human to artificial cognition and back: New perspectives on cognitively inspired AI systems}},
url = {http://dx.doi.org/10.1016/j.cogsys.2016.02.002},
volume = {39},
year = {2016}
}
