Automatically generated by Mendeley Desktop 1.17.6
Any changes to this file will be lost if it is regenerated by Mendeley.

BibTeX export options can be customized via Options -> BibTeX in Mendeley Desktop

@article{Lieto2016a,
author = {Lieto, Antonio and Chella, Antonio and Frixione, Marcello},
doi = {10.1016/j.bica.2016.10.005},
file = {:C$\backslash$:/Users/sanek/Documents/Mendeley Desktop/Biologically Inspired Cognitive Architectures/2016/Lieto, Chella, Frixione - 2016.pdf:pdf},
issn = {2212-683X},
journal = {Biologically Inspired Cognitive Architectures},
keywords = {cognitive architectures,knowledge representation},
pages = {1--9},
publisher = {Elsevier B.V.},
title = {{Conceptual Spaces for Cognitive Architectures : A lingua franca for different levels of representation}},
url = {http://dx.doi.org/10.1016/j.bica.2016.10.005},
year = {2016}
}
