Automatically generated by Mendeley Desktop 1.17.6
Any changes to this file will be lost if it is regenerated by Mendeley.

BibTeX export options can be customized via Options -> BibTeX in Mendeley Desktop

@article{Liu2014,
author = {Liu, Zhi and Zou, Wenbin and Li, Lina and Shen, Liquan and {Le Meur}, Olivier},
doi = {10.1109/LSP.2013.2292873},
file = {:C$\backslash$:/Users/sanek/Documents/Mendeley Desktop/IEEE Signal Processing Letters/2014/Liu et al. - 2014.pdf:pdf},
issn = {1070-9908},
journal = {IEEE Signal Processing Letters},
number = {1},
pages = {88--92},
title = {{Co-Saliency Detection Based on Hierarchical Segmentation}},
url = {http://ieeexplore.ieee.org/lpdocs/epic03/wrapper.htm?arnumber=6675796},
volume = {21},
year = {2014}
}
