Automatically generated by Mendeley Desktop 1.17.6
Any changes to this file will be lost if it is regenerated by Mendeley.

BibTeX export options can be customized via Options -> BibTeX in Mendeley Desktop

@article{Llinas1998a,
author = {Llinas, R. and Ribary, U. and Contreras, D. and Pedroarena, C.},
journal = {Philosophical transactions of the Royal Society of London. Series B. Biological sciences},
number = {353},
pages = {1841--1849},
title = {{The neuronal basis for consciousness}},
year = {1998}
}
