Automatically generated by Mendeley Desktop 1.17.6
Any changes to this file will be lost if it is regenerated by Mendeley.

BibTeX export options can be customized via Options -> BibTeX in Mendeley Desktop

@article{Llinas1998,
author = {Llinas, R. and Ribary, U. and Contreras, D. and Pedroarena, C.},
file = {:C$\backslash$:/Users/sanek/Documents/Mendeley Desktop/Philosophical Transactions of the Royal Society of London/1998/Llinas et al. - 1998.pdf:pdf},
journal = {Philosophical Transactions of the Royal Society of London},
keywords = {coincidence detection,consciousness,facilitation,gamma oscillations,thalamocortical,voltage sensitive dye},
pages = {1841--1849},
title = {{The neuronal basis for consciousness}},
volume = {353},
year = {1998}
}
