Automatically generated by Mendeley Desktop 1.17.6
Any changes to this file will be lost if it is regenerated by Mendeley.

BibTeX export options can be customized via Options -> BibTeX in Mendeley Desktop

@book{Loskutov2007,
address = {Ижевск},
author = {Лоскутов, А. Ю. and Михайлов, А. С.},
file = {:C$\backslash$:/Users/sanek/Documents/Mendeley Desktop/Unknown/2007/Лоскутов, Михайлов - 2007.pdf:pdf},
language = {russian},
pages = {620},
publisher = {Институт компьютерных исследований},
title = {{Основы теории сложных систем}},
year = {2007}
}
