Automatically generated by Mendeley Desktop 1.17.6
Any changes to this file will be lost if it is regenerated by Mendeley.

BibTeX export options can be customized via Options -> BibTeX in Mendeley Desktop

@book{Lotman2000,
address = {С.-Петербург},
author = {Лотман, Ю. М.},
file = {:C$\backslash$:/Users/sanek/Documents/Mendeley Desktop/Unknown/2000/Лотман - 2000.pdf:pdf},
isbn = {5210014886},
keywords = {semiotics},
language = {russian},
mendeley-tags = {semiotics},
pages = {704},
publisher = {Искусство-СПБ},
title = {{Семиосфера}},
year = {2000}
}
