Automatically generated by Mendeley Desktop 1.17.6
Any changes to this file will be lost if it is regenerated by Mendeley.

BibTeX export options can be customized via Options -> BibTeX in Mendeley Desktop

@inproceedings{Loula2012,
address = {Birmingham},
author = {Loula, Angelo and Queiroz, Jo{\~{a}}o},
booktitle = {AISB/IACAP World Congress 2012: Computational Philosophy, Part of Alan Turing Year 2012},
file = {:C$\backslash$:/Users/sanek/Documents/Mendeley Desktop/AISBIACAP World Congress 2012 Computational Philosophy, Part of Alan Turing Year 2012/2012/Loula, Queiroz - 2012.pdf:pdf},
keywords = {semiotics},
mendeley-tags = {semiotics},
pages = {102129},
title = {{Synthetic Semiotics : on modelling and simulating the emergence of sign processes}},
year = {2012}
}
