Automatically generated by Mendeley Desktop 1.17.6
Any changes to this file will be lost if it is regenerated by Mendeley.

BibTeX export options can be customized via Options -> BibTeX in Mendeley Desktop

@article{Luo2015,
author = {Luo, Jiangfeng and Zhu, Cheng and Zhang, Weiming and Liu, Zhong},
file = {:C$\backslash$:/Users/sanek/Documents/Mendeley Desktop/Computational Intelligence/2015/Luo et al. - 2015.pdf:pdf},
journal = {Computational Intelligence},
keywords = {automated planning,plan,search,search heuristics},
mendeley-tags = {plan},
number = {2},
pages = {233--255},
title = {{Planning with Multistep Forward Search with Forced Goal-Ordering Constraints}},
volume = {31},
year = {2015}
}
