Automatically generated by Mendeley Desktop 1.17.6
Any changes to this file will be lost if it is regenerated by Mendeley.

BibTeX export options can be customized via Options -> BibTeX in Mendeley Desktop

@book{Luria1973,
author = {Luria, A.R.},
pages = {400},
publisher = {Basic Books},
title = {{The Working Brain: An Introduction To Neuropsychology}},
year = {1973}
}
