Automatically generated by Mendeley Desktop 1.17.6
Any changes to this file will be lost if it is regenerated by Mendeley.

BibTeX export options can be customized via Options -> BibTeX in Mendeley Desktop

@book{Luria2003,
address = {М.},
author = {Лурия, A. Р.},
file = {:C$\backslash$:/Users/sanek/Documents/Mendeley Desktop/Unknown/2003/Лурия - 2003.pdf:pdf},
isbn = {5769510137},
keywords = {psycho},
language = {russian},
mendeley-tags = {psycho},
pages = {384},
publisher = {Издательский центр Академия},
title = {{Основы нейропсихологии}},
year = {2003}
}
