Automatically generated by Mendeley Desktop 1.17.6
Any changes to this file will be lost if it is regenerated by Mendeley.

BibTeX export options can be customized via Options -> BibTeX in Mendeley Desktop

@book{Luria1979,
address = {М.},
author = {Лурия, A. Р.},
file = {:C$\backslash$:/Users/sanek/Documents/Mendeley Desktop/Unknown/1979/Лурия - 1979.pdf:pdf},
isbn = {0304000000},
keywords = {psycho},
language = {russian},
mendeley-tags = {psycho},
pages = {320},
publisher = {Издательство Московского университета},
title = {{Язык и сознание}},
year = {1979}
}
