Automatically generated by Mendeley Desktop 1.17.6
Any changes to this file will be lost if it is regenerated by Mendeley.

BibTeX export options can be customized via Options -> BibTeX in Mendeley Desktop

@article{Luria1977,
author = {Лурия, A. Р.},
journal = {Вопросы философии},
keywords = {psycho},
language = {russian},
mendeley-tags = {psycho},
number = {9},
pages = {68--77},
title = {{О месте психологии в ряду социальных и биологических наук}},
year = {1977}
}
