Automatically generated by Mendeley Desktop 1.17.6
Any changes to this file will be lost if it is regenerated by Mendeley.

BibTeX export options can be customized via Options -> BibTeX in Mendeley Desktop

@book{Luria2000,
address = {М.},
author = {Лурия, A. Р.},
edition = {3-е изд.},
keywords = {psycho},
language = {russian},
mendeley-tags = {psycho},
pages = {512},
publisher = {Академический проект},
title = {{Высшие корковые функции человека и их нарушения при локальных поражениях мозга}},
year = {2000}
}
