Automatically generated by Mendeley Desktop 1.17.6
Any changes to this file will be lost if it is regenerated by Mendeley.

BibTeX export options can be customized via Options -> BibTeX in Mendeley Desktop

@article{Ma2010,
author = {Ma, Jun and Zhang, Guangquan and Lu, Jie},
doi = {10.1016/j.knosys.2009.05.010},
file = {:C$\backslash$:/Users/sanek/Documents/Mendeley Desktop/Knowledge-Based Systems/2010/Ma, Zhang, Lu - 2010.pdf:pdf},
issn = {09507051},
journal = {Knowledge-Based Systems},
keywords = {decision support systems,knowledge base verification,knowledge representation},
number = {2},
pages = {125--131},
publisher = {Elsevier B.V.},
title = {{A state-based knowledge representation approach for information logical inconsistency detection in warning systems}},
url = {http://linkinghub.elsevier.com/retrieve/pii/S0950705109001002},
volume = {23},
year = {2010}
}
