Automatically generated by Mendeley Desktop 1.17.6
Any changes to this file will be lost if it is regenerated by Mendeley.

BibTeX export options can be customized via Options -> BibTeX in Mendeley Desktop

@book{Machery2011,
address = {Oxford},
author = {Machery, Edouard},
isbn = {0199837562},
pages = {296},
publisher = {Oxford University Press},
title = {{Doing without Concepts}},
year = {2011}
}
