Automatically generated by Mendeley Desktop 1.17.9
Any changes to this file will be lost if it is regenerated by Mendeley.

BibTeX export options can be customized via Options -> BibTeX in Mendeley Desktop

@article{Ghavamzadeh2015,
author = {Ghavamzadeh, Mohammed and Mannor, Shie and Pineau, Joelle and Tamar, Aviv},
doi = {10.1561/2200000049},
file = {:C$\backslash$:/Users/sanek/Documents/Mendeley Desktop/Foundations and Trends in Machine Learning/2015/Ghavamzadeh et al. - 2015.pdf:pdf},
isbn = {2200000049},
issn = {1935-8237},
journal = {Foundations and Trends in Machine Learning},
number = {5-6},
pages = {359--483},
title = {{Bayesian Reinforcement Learning: A Survey}},
url = {http://www.nowpublishers.com/article/Details/MAL-049},
volume = {8},
year = {2015}
}
@book{Barber2012,
author = {Barber, David},
file = {:C$\backslash$:/Users/sanek/Documents/Mendeley Desktop/Unknown/2012/Barber - 2012.pdf:pdf},
isbn = {9780521518147},
pages = {735},
publisher = {Cambridge University Press},
title = {{Bayesian Reasoning and Machine Learning}},
url = {http://web4.cs.ucl.ac.uk/staff/D.Barber/textbook/181115.pdf},
year = {2012}
}
