Automatically generated by Mendeley Desktop 1.17.6
Any changes to this file will be lost if it is regenerated by Mendeley.

BibTeX export options can be customized via Options -> BibTeX in Mendeley Desktop

@article{Madl2014,
author = {Madl, Tamas and Chen, Ke and Montaldi, Daniela and Trappl, Robert},
doi = {10.1016/j.neunet.2015.01.002},
file = {:C$\backslash$:/Users/sanek/Documents/Mendeley Desktop/Neural Networks/2014/Madl et al. - 2014.pdf:pdf},
issn = {0893-6080},
journal = {Neural Networks},
keywords = {computational cognitive modeling,spatial memory models},
pages = {18--43},
publisher = {Elsevier Ltd},
title = {{Computational cognitive models of spatial memory: a review}},
url = {http://dx.doi.org/10.1016/j.neunet.2015.01.002},
volume = {65},
year = {2014}
}
