Automatically generated by Mendeley Desktop 1.17.6
Any changes to this file will be lost if it is regenerated by Mendeley.

BibTeX export options can be customized via Options -> BibTeX in Mendeley Desktop

@article{Makarov2015a,
abstract = {В работе рассмотрен ряд вопросов, возникающих в области автоматизации управления малыми беспилотными летательными аппаратами (БПЛА) мультироторного типа. Предложена совокупность методов планирования и управления, рассмотрена задача организации взаимодействия различных методов и алгоритмов (авторских и известных) в единую интеллектуальную систему управления БПЛА. Предлагается использование трех уровней управления – стратегического, тактического и реактивного, описывается соответствующая архитектура – STRL (от англ. strategic, tactical, reactive, layered). Использование этой архитектуры позволит автоматизировать управление коалициями БПЛА при решении широкого круга задач в различных средах.},
author = {Макаров, Д. А. and Панов, А. И. and Яковлев, К. С.},
file = {:C$\backslash$:/Users/sanek/Documents/Mendeley Desktop/Искусственный интеллект и принятие решений/2015/Макаров, Панов, Яковлев - 2015.pdf:pdf;:C$\backslash$:/Users/sanek/Documents/Mendeley Desktop/Искусственный интеллект и принятие решений/2015/Макаров, Панов, Яковлев - 2015.doc:doc;:C$\backslash$:/Users/sanek/Documents/Mendeley Desktop/Искусственный интеллект и принятие решений/2015/Макаров, Панов, Яковлев - 2015.pdf:pdf},
journal = {Искусственный интеллект и принятие решений},
keywords = {14-11-00692,elibrary,mypub,vak,беспилотные летательные аппараты,знаковая картина мира,интеллектуальная система управления,многоуровневая архитектура,нелинейное управление,планирование траектории,уравнение Риккати},
language = {russian},
mendeley-tags = {14-11-00692,elibrary,mypub,vak},
number = {3},
pages = {18--33},
title = {{Архитектура многоуровневой интеллектуальной системы управления беспилотными летательными аппаратами}},
year = {2015}
}
