Automatically generated by Mendeley Desktop 1.17.6
Any changes to this file will be lost if it is regenerated by Mendeley.

BibTeX export options can be customized via Options -> BibTeX in Mendeley Desktop

@inproceedings{Makarov2016,
abstract = {Работа посвящена архитектуре системы управления сложными техническими объектами, рассматриваемыми как интеллектуальные агенты. В качестве таких объектов взяты малые беспилотные летательные аппараты (БПЛА) мультикоптерного типа. Архитектура состоит из трех уровней: стратегического, тактического и реактивного. Её применение позволит автоматизировать управление как отдельными БПЛА, так и их коалициями БПЛА при решении широкого круга задач.},
address = {Смоленск},
author = {Макаров, Д. А. and Панов, А. И. and Яковлев, К. С.},
booktitle = {Пятнадцатая национальная конференция по искусственному интеллекту с международным участием КИИ-2016 (3-7 октября 2016г., г.Смоленск, Россия): Труды конференции},
file = {:C$\backslash$:/Users/sanek/Documents/Mendeley Desktop/Пятнадцатая национальная конференция по искусственному интеллекту с международным участием КИИ-2016 (3-7.Смоленск, Россия) Труды конференции/2016/Макаров, Панов, Яковлев - 2016(2).doc:doc;:C$\backslash$:/Users/sanek/Documents/Mendeley Desktop/Пятнадцатая национальная конференция по искусственному интеллекту с международным участием КИИ-2016 (3-7.Смоленск, Россия) Труды конференции/2016/Макаров, Панов, Яковлев - 2016.pdf:pdf;:C$\backslash$:/Users/sanek/Documents/Mendeley Desktop/Пятнадцатая национальная конференция по искусственному интеллекту с международным участием КИИ-2016 (3-7.Смоленск, Россия) Труды конференции/2016/Макаров, Панов, Яковлев - 2016(2).pdf:pdf},
keywords = {14-11-00692,elibrary,myconf,беспилотные летательные аппараты,знаковая картина мира,интеллектуальная система управления,многоуровневая архитектура,нелинейное управление,планирование поведения,планирование траектории,уравнение Риккати},
language = {russian},
mendeley-tags = {14-11-00692,elibrary,myconf},
pages = {179--188},
publisher = {Универсум},
title = {{STRL: многоуровневая система управления интеллектуальными агентами}},
volume = {1},
year = {2016}
}
