Automatically generated by Mendeley Desktop 1.17.6
Any changes to this file will be lost if it is regenerated by Mendeley.

BibTeX export options can be customized via Options -> BibTeX in Mendeley Desktop

@techreport{Maloof1994,
author = {Maloof, Marcus A. and Michalski, Ryszard S.},
file = {:C$\backslash$:/Users/sanek/Documents/Mendeley Desktop/Unknown/1994/Maloof, Michalski - 1994.pdf:pdf},
keywords = {concept learning,machine learning,machine vision,shape recognition},
number = {August},
pages = {14},
title = {{Learning Descriptions of 2D Blob-Like Shapes for Object Recognition in X-Ray Images: An Initial Study}},
year = {1994}
}
