Automatically generated by Mendeley Desktop 1.17.6
Any changes to this file will be lost if it is regenerated by Mendeley.

BibTeX export options can be customized via Options -> BibTeX in Mendeley Desktop

@inproceedings{Maloof,
author = {Maloof, Marcus A. and Michalski, Ryszard S.},
booktitle = {Proceedings of the Intelligent Information Systems Workshop},
file = {:C$\backslash$:/Users/sanek/Documents/Mendeley Desktop/Proceedings of the Intelligent Information Systems Workshop/1999/Maloof, Michalski - 1999.pdf:pdf},
pages = {70--79},
title = {{AQ-PM: A System for Partial Memory Learning}},
year = {1999}
}
