Automatically generated by Mendeley Desktop 1.17.6
Any changes to this file will be lost if it is regenerated by Mendeley.

BibTeX export options can be customized via Options -> BibTeX in Mendeley Desktop

@article{Manuscript2014a,
author = {Pfeiffer, Brad E. and Foster, David J.},
doi = {10.1038/nature12112.Hippocampal},
file = {:C$\backslash$:/Users/sanek/Documents/Mendeley Desktop/Nature/2013/Pfeiffer, Foster - 2013.pdf:pdf},
journal = {Nature},
number = {7447},
pages = {74--79},
title = {{Hippocampal place cell sequences depict future paths to remembered goals}},
volume = {497},
year = {2013}
}
