Automatically generated by Mendeley Desktop 1.17.6
Any changes to this file will be lost if it is regenerated by Mendeley.

BibTeX export options can be customized via Options -> BibTeX in Mendeley Desktop

@article{Marblestone2016,
archivePrefix = {arXiv},
arxivId = {1606.03813},
author = {Marblestone, Adam H and Wayne, Greg and Kording, Konrad P},
doi = {10.1101/058545},
eprint = {1606.03813},
file = {:C$\backslash$:/Users/sanek/Documents/Mendeley Desktop/Unknown/2016/Marblestone, Wayne, Kording - 2016.pdf:pdf},
keywords = {cognitive architecture,cost functions,neural networks,neuroscience},
title = {{Towards an integration of deep learning and neuroscience}},
year = {2016}
}
