Automatically generated by Mendeley Desktop 1.17.6
Any changes to this file will be lost if it is regenerated by Mendeley.

BibTeX export options can be customized via Options -> BibTeX in Mendeley Desktop

@incollection{Marek2008,
address = {Berlin},
author = {Marek, Rudolf and Skrbek, Miroslav},
booktitle = {Artificial Neural Networks - ICANN 2008},
file = {:C$\backslash$:/Users/sanek/Documents/Mendeley Desktop/Artificial Neural Networks - ICANN 2008/2008/Marek, Skrbek - 2008.pdf:pdf},
pages = {159--168},
publisher = {Springer},
title = {{Efficient Implementation of the THSOM Neural Network}},
year = {2008}
}
