Automatically generated by Mendeley Desktop 1.17.6
Any changes to this file will be lost if it is regenerated by Mendeley.

BibTeX export options can be customized via Options -> BibTeX in Mendeley Desktop

@phdthesis{Mariela2008,
author = {Badano, Bianca M. Innocenti},
file = {:C$\backslash$:/Users/sanek/Documents/Mendeley Desktop/Unknown/2008/Badano - 2008.pdf:pdf},
school = {Universitat de Girona},
title = {{A Multi-agent Architecture with Distributed Coordination for an Autonomous Robot}},
year = {2008}
}
