Automatically generated by Mendeley Desktop 1.17.6
Any changes to this file will be lost if it is regenerated by Mendeley.

BibTeX export options can be customized via Options -> BibTeX in Mendeley Desktop

@incollection{Martis2014a,
abstract = {Successful application of machine learning in healthcare requires accuracy, transparency, acceptability, ability to deal with complex data, ability to deal with background knowledge, efficiency, and exportability. Rule learning is known to satisfy the above criteria. This chapter introduces rule learning in healthcare, presents very expressive attributional rules, briefly describes the AQ21 rule learning system, and discusses three application areas in healthcare and health services research.},
author = {Wojtusiak, Janusz},
booktitle = {Machine Learning in Healthcare Informatics},
doi = {10.1007/978-3-642-40017-9},
editor = {Dua, Sumeet and Acharya, U. Rajendra and Dua, Prerna},
file = {:C$\backslash$:/Users/sanek/Documents/Mendeley Desktop/Machine Learning in Healthcare Informatics/2014/Wojtusiak - 2014.pdf:pdf},
isbn = {978-3-642-40016-2},
keywords = {aq21 system health services,billing data,research aggregated data healthcare,rule learning attributional calculus},
pages = {131--145},
series = {Intelligent Systems Reference Library},
title = {{Rule Learning in Healthcare and Health Services Research}},
url = {http://link.springer.com/10.1007/978-3-642-40017-9},
year = {2014}
}
