Automatically generated by Mendeley Desktop 1.17.6
Any changes to this file will be lost if it is regenerated by Mendeley.

BibTeX export options can be customized via Options -> BibTeX in Mendeley Desktop

@incollection{Maslov1979,
author = {Маслов, С. Ю.},
booktitle = {Семиотика и информатика},
file = {:C$\backslash$:/Users/sanek/Documents/Mendeley Desktop/Семиотика и информатика/1979/Маслов - 1979.pdf:pdf},
keywords = {psycho},
language = {russian},
mendeley-tags = {psycho},
pages = {17--46},
title = {{Теория поиска вывода и вопросы психологии творчества}},
volume = {13},
year = {1979}
}
