Automatically generated by Mendeley Desktop 1.17.6
Any changes to this file will be lost if it is regenerated by Mendeley.

BibTeX export options can be customized via Options -> BibTeX in Mendeley Desktop

@incollection{Maslov1982,
author = {Маслов, С. Ю.},
booktitle = {Семиотика и информатика},
file = {:C$\backslash$:/Users/sanek/Documents/Mendeley Desktop/Семиотика и информатика/1982/Маслов - 1982.pdf:pdf},
language = {russian},
pages = {3--34},
title = {{Асимметрия познавательных механизмов и ее следствия}},
volume = {20},
year = {1982}
}
