Automatically generated by Mendeley Desktop 1.17.6
Any changes to this file will be lost if it is regenerated by Mendeley.

BibTeX export options can be customized via Options -> BibTeX in Mendeley Desktop

@article{Mehta2014,
archivePrefix = {arXiv},
arxivId = {1410.3831},
author = {Mehta, Pankaj and Schwab, David J.},
eprint = {1410.3831},
file = {:C$\backslash$:/Users/sanek/Documents/Mendeley Desktop/Unknown/2014/Mehta, Schwab - 2014.pdf:pdf},
title = {{An exact mapping between the Variational Renormalization Group and Deep Learning}},
url = {http://arxiv.org/abs/1410.3831v1},
year = {2014}
}
