Automatically generated by Mendeley Desktop 1.17.6
Any changes to this file will be lost if it is regenerated by Mendeley.

BibTeX export options can be customized via Options -> BibTeX in Mendeley Desktop

@inproceedings{Menager2016,
address = {Austin},
author = {Menager, David Henri and Choi, Dongkyu},
booktitle = {Proceedings of the 38th Annual Conference of the Cognitive Science Society},
editor = {Papafragou, A. and Grodner, D. and Mirman, D. and Trueswell, J.C.},
file = {:C$\backslash$:/Users/sanek/Documents/Mendeley Desktop/Proceedings of the 38th Annual Conference of the Cognitive Science Society/2016/Menager, Choi - 2016.pdf:pdf},
keywords = {cognitive architectures,episodic memory,expectations,impasse resolution,sensing,virtual},
pages = {620--625},
publisher = {Cognitive Science Society},
title = {{A Robust Implementation of Episodic Memory for a Cognitive Architecture}},
year = {2016}
}
