Automatically generated by Mendeley Desktop 1.17.6
Any changes to this file will be lost if it is regenerated by Mendeley.

BibTeX export options can be customized via Options -> BibTeX in Mendeley Desktop

@article{Mensky2000,
author = {Менский, М. Б.},
file = {:C$\backslash$:/Users/sanek/Documents/Mendeley Desktop/Успехи физических наук/2000/Менский - 2000.pdf:pdf},
journal = {Успехи физических наук},
language = {russian},
number = {6},
pages = {631--648},
title = {{Квантовая механика: новые эксперименты, новые приложения и новые формулировки старых вопрсов}},
volume = {170},
year = {2000}
}
