Automatically generated by Mendeley Desktop 1.17.6
Any changes to this file will be lost if it is regenerated by Mendeley.

BibTeX export options can be customized via Options -> BibTeX in Mendeley Desktop

@article{Mensky2004,
author = {Менский, М. Б.},
file = {:C$\backslash$:/Users/sanek/Documents/Mendeley Desktop/Вопросы философии/2004/Менский - 2004.pdf:pdf},
journal = {Вопросы философии},
language = {russian},
number = {6},
pages = {64--74},
title = {{Квантовая механика, сознание и мост между двумя культурами}},
year = {2004}
}
