Automatically generated by Mendeley Desktop 1.17.6
Any changes to this file will be lost if it is regenerated by Mendeley.

BibTeX export options can be customized via Options -> BibTeX in Mendeley Desktop

@article{Mensky2005,
author = {Менский, М. Б.},
file = {:C$\backslash$:/Users/sanek/Documents/Mendeley Desktop/Успехи физических наук/2005/Менский - 2005.pdf:pdf},
journal = {Успехи физических наук},
language = {russian},
number = {4},
pages = {413--435},
title = {{Концепция сознания в контексте квантовой механики}},
volume = {175},
year = {2005}
}
