Automatically generated by Mendeley Desktop 1.17.6
Any changes to this file will be lost if it is regenerated by Mendeley.

BibTeX export options can be customized via Options -> BibTeX in Mendeley Desktop

@incollection{Merwe2004,
author = {Merwe, Dean Van Der and Obiedkov, Sergei and Kourie, Derrick},
booktitle = {Concept Lattices},
editor = {Eklund, Peter},
file = {:C$\backslash$:/Users/sanek/Documents/Mendeley Desktop/Concept Lattices/2004/Merwe, Obiedkov, Kourie - 2004.pdf:pdf},
isbn = {978-3-540-21043-6, 978-3-540-24651-0},
issn = {03029743},
pages = {372--385},
publisher = {Springer Berlin Heidelberg},
series = {Lecture Notes in Computer Science},
title = {{AddIntent: A new incremental algorithm for constructing concept lattices}},
url = {http://www.springerlink.com/index/10.1007/978-3-540-24651-0{\_}31{\%}5Cnhttp://www.springerlink.com/index/6r03tfahg6y9wt1r.pdf},
year = {2004}
}
