Automatically generated by Mendeley Desktop 1.17.6
Any changes to this file will be lost if it is regenerated by Mendeley.

BibTeX export options can be customized via Options -> BibTeX in Mendeley Desktop

@article{Miao2000,
author = {Miao, Yuan and Liu, Zhi-qiang},
doi = {10.1109/91.824780},
file = {:C$\backslash$:/Users/sanek/Documents/Mendeley Desktop/IEEE Transactions on Fuzzy Systems/2000/Miao, Liu - 2000.pdf:pdf},
issn = {10636706},
journal = {IEEE Transactions on Fuzzy Systems},
number = {1},
pages = {107--119},
title = {{On causal inference in fuzzy cognitive maps}},
url = {http://ieeexplore.ieee.org/lpdocs/epic03/wrapper.htm?arnumber=824780},
volume = {8},
year = {2000}
}
