Automatically generated by Mendeley Desktop 1.17.6
Any changes to this file will be lost if it is regenerated by Mendeley.

BibTeX export options can be customized via Options -> BibTeX in Mendeley Desktop

@techreport{Michalski1986,
author = {Michalski, Ryszard S. and Mozetic, I. and Hong, J.},
file = {:C$\backslash$:/Users/sanek/Documents/Mendeley Desktop/Unknown/1986/Michalski, Mozetic, Hong - 1986.pdf:pdf},
institution = {University of Illinois},
pages = {36},
title = {{The AQ15 Inductive Learning System: an Overview and Experiments}},
year = {1986}
}
