Automatically generated by Mendeley Desktop 1.17.6
Any changes to this file will be lost if it is regenerated by Mendeley.

BibTeX export options can be customized via Options -> BibTeX in Mendeley Desktop

@techreport{Michalski1978,
author = {Michalski, Ryszard S.},
file = {:C$\backslash$:/Users/sanek/Documents/Mendeley Desktop/Unknown/1978/Michalski - 1978.pdf:pdf},
institution = {University of Illinois},
pages = {44},
title = {{Pattern Recognition as Knowledge-Guided Computer Induction}},
year = {1978}
}
