Automatically generated by Mendeley Desktop 1.17.6
Any changes to this file will be lost if it is regenerated by Mendeley.

BibTeX export options can be customized via Options -> BibTeX in Mendeley Desktop

@techreport{Michalski2007a,
author = {Michalski, Ryszard S. and Wojtusiak, Janusz},
file = {:C$\backslash$:/Users/sanek/Documents/Mendeley Desktop/Unknown/2007/Michalski, Wojtusiak - 2007.pdf:pdf},
institution = {George Mason University},
keywords = {AQ learning,Attribute types,Machine learning,Na},
pages = {15},
title = {{Semantic and Syntactic Attribute Types in AQ Learning}},
year = {2007}
}
