Automatically generated by Mendeley Desktop 1.17.6
Any changes to this file will be lost if it is regenerated by Mendeley.

BibTeX export options can be customized via Options -> BibTeX in Mendeley Desktop

@techreport{Michalski1975a,
author = {Michalski, Ryszard S. and Larson, James},
file = {:C$\backslash$:/Users/sanek/Documents/Mendeley Desktop/Unknown/1975/Michalski, Larson - 1975.pdf:pdf},
institution = {University of Illinois},
pages = {94},
title = {{AQVAL/1 (AQ7) User's Guide and Program Description}},
year = {1975}
}
