Automatically generated by Mendeley Desktop 1.17.6
Any changes to this file will be lost if it is regenerated by Mendeley.

BibTeX export options can be customized via Options -> BibTeX in Mendeley Desktop

@inproceedings{Michalski1973,
author = {Michalski, Ryszard S.},
booktitle = {Proceeding of the First International Joint Conference on Artificial Intelligence (IJCAI'73)},
file = {:C$\backslash$:/Users/sanek/Documents/Mendeley Desktop/Proceeding of the First International Joint Conference on Artificial Intelligence (IJCAI'73)/1973/Michalski - 1973.pdf:pdf},
pages = {3--17},
title = {{AQVAL/1 - Computer Implementation of a Variable-Valued Logic System VL1 and Examples of its Application to Pattern Recognition}},
year = {1973}
}
