Automatically generated by Mendeley Desktop 1.17.6
Any changes to this file will be lost if it is regenerated by Mendeley.

BibTeX export options can be customized via Options -> BibTeX in Mendeley Desktop

@techreport{Michalski1991,
author = {Michalski, Ryszard S. and Kaufman, Kenneth A. and Wnek, J.},
file = {:C$\backslash$:/Users/sanek/Documents/Mendeley Desktop/Unknown/1991/Michalski, Kaufman, Wnek - 1991.pdf:pdf},
institution = {George Mason University},
pages = {34},
title = {{The AQ Family of Learning Programs: A Review of Recent Developments and an Exemplary Application}},
year = {1991}
}
