Automatically generated by Mendeley Desktop 1.17.6
Any changes to this file will be lost if it is regenerated by Mendeley.

BibTeX export options can be customized via Options -> BibTeX in Mendeley Desktop

@techreport{Michalski2004,
author = {Michalski, Ryszard S.},
file = {:C$\backslash$:/Users/sanek/Documents/Mendeley Desktop/Unknown/2004/Michalski - 2004.pdf:pdf},
institution = {Gerge Mason university},
pages = {14},
title = {{Generating Alternative Hypotheses in AQ Le}},
year = {2004}
}
