Automatically generated by Mendeley Desktop 1.17.6
Any changes to this file will be lost if it is regenerated by Mendeley.

BibTeX export options can be customized via Options -> BibTeX in Mendeley Desktop

@inproceedings{Michalski1969,
author = {Michalski, Ryszard S.},
booktitle = {Proceedings of the V International Symposium on Information Processing (FCIP 69)},
file = {:C$\backslash$:/Users/sanek/Documents/Mendeley Desktop/Proceedings of the V International Symposium on Information Processing (FCIP 69)/1969/Michalski - 1969.pdf:pdf},
pages = {125--128},
title = {{On the Quasi-Minimal Solution of the General Covering Problem}},
year = {1969}
}
