Automatically generated by Mendeley Desktop 1.17.6
Any changes to this file will be lost if it is regenerated by Mendeley.

BibTeX export options can be customized via Options -> BibTeX in Mendeley Desktop

@techreport{Michalski2005,
author = {Michalski, Ryszard S. and Wojtusiak, Janusz},
file = {:C$\backslash$:/Users/sanek/Documents/Mendeley Desktop/Unknown/2005/Michalski, Wojtusiak - 2005.pdf:pdf},
institution = {George Mason University},
pages = {24},
title = {{Reasoning with Meta-values in AQ Learning}},
year = {2005}
}
