Automatically generated by Mendeley Desktop 1.17.6
Any changes to this file will be lost if it is regenerated by Mendeley.

BibTeX export options can be customized via Options -> BibTeX in Mendeley Desktop

@techreport{Michalski1979,
author = {Michalski, Ryszard S.},
file = {:C$\backslash$:/Users/sanek/Documents/Mendeley Desktop/Unknown/1979/Michalski - 1979.pdf:pdf},
pages = {45},
title = {{Detection of Conceptual Patterns Through Inductive Inference}},
year = {1979}
}
