Automatically generated by Mendeley Desktop 1.17.6
Any changes to this file will be lost if it is regenerated by Mendeley.

BibTeX export options can be customized via Options -> BibTeX in Mendeley Desktop

@incollection{Michalski2001,
author = {Michalski, Ryszard S. and Kaufman, Kenneth A.},
booktitle = {Machine Learning and Its Applications},
editor = {Paliouras, Georgios and Karkaletsis, Vangelis and Spyropoulos, Constantine D.},
file = {:C$\backslash$:/Users/sanek/Documents/Mendeley Desktop/Machine Learning and Its Applications/2001/Michalski, Kaufman - 2001.pdf:pdf},
pages = {22--38},
publisher = {Springer-Verlag},
title = {{Learning Patterns in Noisy Data : The AQ Approach}},
year = {2001}
}
