Automatically generated by Mendeley Desktop 1.17.6
Any changes to this file will be lost if it is regenerated by Mendeley.

BibTeX export options can be customized via Options -> BibTeX in Mendeley Desktop

@book{Milnor2000,
address = {Ижевск},
author = {Милнор, Дж.},
file = {:C$\backslash$:/Users/sanek/Documents/Mendeley Desktop/Unknown/2000/Милнор - 2000.pdf:pdf},
language = {russian},
pages = {320},
publisher = {Регулярная и хаотическая динамика},
title = {{Голоморфная динамика. Вводные лекции}},
year = {2000}
}
