Automatically generated by Mendeley Desktop 1.17.6
Any changes to this file will be lost if it is regenerated by Mendeley.

BibTeX export options can be customized via Options -> BibTeX in Mendeley Desktop

@article{Minami2001,
author = {Minami, T. and Inui, T.},
doi = {10.1007/s12559-015-9330-3},
file = {:C$\backslash$:/Users/sanek/Documents/Mendeley Desktop/Connectionist Models of Neurons, Learning Processes, and Artificial Intelligence/2001/Minami, Inui - 2001.pdf:pdf},
issn = {18669964},
journal = {Connectionist Models of Neurons, Learning Processes, and Artificial Intelligence},
keywords = {Action preparation,Language processing,Neural network modelling,Sequence learning,Working memory,modelling {\'{a}} sequence learning,network,working memory {\'{a}} neural,{\'{a}} action preparation {\'{a}}},
pages = {126--133},
publisher = {Springer US},
title = {{A Neural Network Model of Working Memory}},
url = {http://www.springerlink.com/index/NW4NLH1ME9PJ8JQY.pdf},
year = {2001}
}
