Automatically generated by Mendeley Desktop 1.17.6
Any changes to this file will be lost if it is regenerated by Mendeley.

BibTeX export options can be customized via Options -> BibTeX in Mendeley Desktop

@inproceedings{Molodchenkov2010,
address = {Рыбинск},
author = {Молдоченков, А. И.},
booktitle = {Теория и практика системного анализа: Труды I Всероссийской научной конференции молодых учёных с международным участием},
file = {:C$\backslash$:/Users/sanek/Documents/Mendeley Desktop/Теория и практика системного анализа Труды I Всероссийской научной конференции молодых учёных с международным участием/2010/Молдоченков - 2010.pdf:pdf},
language = {russian},
pages = {79--84},
publisher = {РГАТА им. Соловьева},
title = {{Применение AQ-алгоритма для персонификации лечебно-диагностических процессов}},
year = {2010}
}
