Automatically generated by Mendeley Desktop 1.17.6
Any changes to this file will be lost if it is regenerated by Mendeley.

BibTeX export options can be customized via Options -> BibTeX in Mendeley Desktop

@inproceedings{Morse,
author = {Morse, Anthony F and Ziemke, Tom},
booktitle = {Proceedings of the 31th Annual Conference of the Cognitive Sosciety},
file = {:C$\backslash$:/Users/sanek/Documents/Mendeley Desktop/Proceedings of the 31th Annual Conference of the Cognitive Sosciety/2009/Morse, Ziemke - 2009.pdf:pdf},
keywords = {NeuroModels,action,actionism,computational modeling,cortical,detection,embodiment,enaction,perception},
mendeley-tags = {NeuroModels},
pages = {585--590},
title = {{Action, Detection, and Perception: A Computational Model of the Relation Between Movement and Orientation Selectivity in the Cerebral Cortex}},
year = {2009}
}
