Automatically generated by Mendeley Desktop 1.17.6
Any changes to this file will be lost if it is regenerated by Mendeley.

BibTeX export options can be customized via Options -> BibTeX in Mendeley Desktop

@book{Mountcastle1998,
address = {Cambridge},
author = {Mountcastle, V. B.},
pages = {512},
publisher = {Harvard University Press},
title = {{Perceptual Neuroscience. The Cerebral Cortex}},
year = {1998}
}
