Automatically generated by Mendeley Desktop 1.17.9
Any changes to this file will be lost if it is regenerated by Mendeley.

BibTeX export options can be customized via Options -> BibTeX in Mendeley Desktop

@phdthesis{Mariela2008,
author = {Badano, Bianca M. Innocenti},
file = {:C$\backslash$:/Users/sanek/Documents/Mendeley Desktop/Unknown/2008/Badano - 2008.pdf:pdf},
school = {Universitat de Girona},
title = {{A Multi-agent Architecture with Distributed Coordination for an Autonomous Robot}},
year = {2008}
}
@article{Kalyaev2009a,
author = {Каляев, И. А. and Капустян, С. Г.},
file = {:C$\backslash$:/Users/sanek/Documents/Mendeley Desktop/Мехатроника, автоматизация, управление/2009/Каляев, Капустян - 2009.pdf:pdf},
journal = {Мехатроника, автоматизация, управление},
language = {russian},
number = {6},
pages = {33--40},
title = {{Проблемы группового управления роботами}},
year = {2009}
}
@book{Kalyaev2009b,
address = {М.},
author = {Каляев, И. А. and Гайдук, А. Р. and Капустян, С. Г.},
file = {:C$\backslash$:/Users/sanek/Documents/Mendeley Desktop/Unknown/2009/Каляев, Гайдук, Капустян - 2009.pdf:pdf},
language = {russian},
pages = {280},
publisher = {ФИЗМАТЛИТ},
title = {{Модели и алгоритмы коллективного управления в группах роботов}},
year = {2009}
}
@incollection{Chung2015,
author = {Chung, Jae},
booktitle = {Robot Intelligence Technology and Applications 3},
doi = {10.1007/978-3-642-37374-9},
editor = {Kim, Jong-Hwan and Yang, Weimin and Jo, Jun and Sincak, Peter and Myung, Hyun},
file = {:C$\backslash$:/Users/sanek/Documents/Mendeley Desktop/Robot Intelligence Technology and Applications 3/2015/Chung - 2015.pdf:pdf},
isbn = {978-3-642-37373-2},
issn = {21945357},
pages = {193--212},
publisher = {Springer International Publishing},
series = {Advances in Intelligent Systems and Computing},
title = {{Cooperative Control of UAVs Using a Single Master Subsystem for Multi-task Multi-target Operations}},
url = {http://link.springer.com/10.1007/978-3-642-37374-9},
year = {2015}
}
@inproceedings{Petrov2012b,
author = {Петров, А. В.},
booktitle = {Труды Второй Всероссийской конференции молодых ученых с международным участием Теория и практика системного анализа (ТПСА-2012)},
file = {:C$\backslash$:/Users/sanek/Documents/Mendeley Desktop/Труды Второй Всероссийской конференции молодых ученых с международным участием Теория и практика системного анализа (ТПСА-2012)/2012/Петров - 2012.pdf:pdf},
language = {russian},
pages = {62--69},
title = {{Коалиции интеллектуальных агентов для управления роботами}},
year = {2012}
}
