Automatically generated by Mendeley Desktop 1.17.6
Any changes to this file will be lost if it is regenerated by Mendeley.

BibTeX export options can be customized via Options -> BibTeX in Mendeley Desktop

@book{Murphy2000,
address = {Massachusetts},
author = {Murphy, Robin R.},
file = {:C$\backslash$:/Users/sanek/Documents/Mendeley Desktop/Unknown/2000/Murphy - 2000.pdf:pdf},
isbn = {0262133830},
pages = {487},
publisher = {MIT Press},
title = {{Introduction in AI Robotics}},
year = {2000}
}
