Automatically generated by Mendeley Desktop 1.17.6
Any changes to this file will be lost if it is regenerated by Mendeley.

BibTeX export options can be customized via Options -> BibTeX in Mendeley Desktop

@article{Musliner2001,
author = {Musliner, D.J. and Goldman, R.P. and Pelican, M.J.S.},
doi = {10.1109/IROS.2001.976385},
file = {:C$\backslash$:/Users/sanek/Documents/Mendeley Desktop/Proceedings 2001 IEEERSJ International Conference on Intelligent Robots and Systems/2001/Musliner, Goldman, Pelican - 2001.pdf:pdf},
isbn = {0-7803-6612-3},
journal = {Proceedings 2001 IEEE/RSJ International Conference on Intelligent Robots and Systems},
pages = {2124--2130},
title = {{Planning with increasingly complex executive models}},
url = {http://ieeexplore.ieee.org/lpdocs/epic03/wrapper.htm?arnumber=976385},
volume = {4},
year = {2001}
}
