Automatically generated by Mendeley Desktop 1.17.6
Any changes to this file will be lost if it is regenerated by Mendeley.

BibTeX export options can be customized via Options -> BibTeX in Mendeley Desktop

@inproceedings{Nasbe2014,
abstract = {Special issue with a variety of articles exploring the topic Deeper Learning},
author = {van Seijen, Harm and Sutton, Richard S.},
booktitle = {Proceedings of The 32nd International Conference on Machine Learning},
editor = {Bach, Francis and Blei, David},
file = {:C$\backslash$:/Users/sanek/Documents/Mendeley Desktop/Proceedings of The 32nd International Conference on Machine Learning/2015/van Seijen, Sutton - 2015.pdf:pdf},
keywords = {learning},
pages = {2314--2322},
series = {JMLR Workshop and Conference Proceedings},
title = {{A Deeper Look at Planning as Learning from Replay}},
url = {http://www.nasbe.org/wp-content/uploads/Standard{\_}Mar2014{\_}full{\_}online.pdf},
year = {2015}
}
