Automatically generated by Mendeley Desktop 1.17.6
Any changes to this file will be lost if it is regenerated by Mendeley.

BibTeX export options can be customized via Options -> BibTeX in Mendeley Desktop

@article{Nau2003,
abstract = {The SHOP2 planning system received one of the awards for distinguished performance in the 2002 International Planning Competition. This paper describes the features of SHOP2 which enabled it to excel in the competition, especially those aspects of SHOP2 that deal with temporal and metric planning domains.},
archivePrefix = {arXiv},
arxivId = {1106.4869},
author = {Nau, Dana and Au, Tsz Chiu and Ilghami, Okhtay and Kuter, Ugur and Murdock, J. William and Wu, Dan and Yaman, Fusun},
doi = {10.1613/jair.1141},
eprint = {1106.4869},
file = {:C$\backslash$:/Users/sanek/Documents/Mendeley Desktop/Journal of Artificial Intelligence Research/2003/Nau et al. - 2003.pdf:pdf},
issn = {10769757},
journal = {Journal of Artificial Intelligence Research},
keywords = {plan},
mendeley-tags = {plan},
pages = {379--404},
title = {{SHOP2: An HTN planning system}},
volume = {20},
year = {2003}
}
