Automatically generated by Mendeley Desktop 1.17.6
Any changes to this file will be lost if it is regenerated by Mendeley.

BibTeX export options can be customized via Options -> BibTeX in Mendeley Desktop

@book{Neisser1976,
author = {Neisser, Ulric},
isbn = {0716704773},
pages = {230},
publisher = {W. H. Freeman and Company},
title = {{Cognition and Reality: Principles and Implications of Cognitive Psychology}},
year = {1976}
}
