Automatically generated by Mendeley Desktop 1.17.6
Any changes to this file will be lost if it is regenerated by Mendeley.

BibTeX export options can be customized via Options -> BibTeX in Mendeley Desktop

@article{Nekorkon2008,
author = {Некоркин, В. И.},
doi = {10.3367/UFNr.0178.200803f.0313},
file = {:C$\backslash$:/Users/sanek/Documents/Mendeley Desktop/Успехи физических наук/2008/Некоркин - 2008.pdf:pdf},
issn = {0042-1294},
journal = {Успехи физических наук},
language = {russian},
number = {3},
pages = {313--323},
title = {{Нейронные колебания и волны в нейродинамике}},
url = {http://ufn.ru/ru/articles/2008/3/f/},
volume = {178},
year = {2008}
}
