Automatically generated by Mendeley Desktop 1.17.6
Any changes to this file will be lost if it is regenerated by Mendeley.

BibTeX export options can be customized via Options -> BibTeX in Mendeley Desktop

@article{Nguen2012,
author = {Нгуен, Т. Т. and Болотова, Ю. А. and Спицын, В. Г.},
file = {:C$\backslash$:/Users/sanek/Documents/Mendeley Desktop/Научный вестник НГТУ/2012/Нгуен, Болотова, Спицын - 2012.pdf:pdf},
journal = {Научный вестник НГТУ},
keywords = {htm},
language = {russian},
mendeley-tags = {htm},
number = {2},
pages = {33--43},
title = {{Обработка данных видеопоследовательности в режиме реального времени на основе иерархической временной сети}},
volume = {47},
year = {2012}
}
