Automatically generated by Mendeley Desktop 1.17.6
Any changes to this file will be lost if it is regenerated by Mendeley.

BibTeX export options can be customized via Options -> BibTeX in Mendeley Desktop

@book{Nilsson1998,
address = {San Francisco},
author = {Nilsson, N. J.},
pages = {513},
publisher = {Morgan Kaufmann},
title = {{Artificial Intelligence: A New Synthesis}},
year = {1998}
}
