Automatically generated by Mendeley Desktop 1.17.6
Any changes to this file will be lost if it is regenerated by Mendeley.

BibTeX export options can be customized via Options -> BibTeX in Mendeley Desktop

@article{Norris1978,
author = {Norris, E. M.},
file = {:C$\backslash$:/Users/sanek/Documents/Mendeley Desktop/Revue Roumaine de Math{\'{e}}matiques Pures et Appliqu{\'{e}}es/1978/Norris - 1978.pdf:pdf},
journal = {Revue Roumaine de Math{\'{e}}matiques Pures et Appliqu{\'{e}}es},
number = {2},
pages = {243--250},
title = {{An Algorithm for Computing the Maximal Rectangles in a Binary Relation}},
volume = {23},
year = {1978}
}
