Automatically generated by Mendeley Desktop 1.17.6
Any changes to this file will be lost if it is regenerated by Mendeley.

BibTeX export options can be customized via Options -> BibTeX in Mendeley Desktop

@book{Nukolls2003,
address = {М.},
author = {Николлс, Дж. Г. and Мартин, А. Р. and Валлас, Б. Дж. and Фукс, П. А.},
file = {:C$\backslash$:/Users/sanek/Documents/Mendeley Desktop/Unknown/2003/Николлс et al. - 2003.pdf:pdf},
isbn = {5354001625},
language = {russian},
pages = {672},
publisher = {Едиториал УРСС},
title = {{От нейрона к мозгу}},
translator = {Балабан, П. М. and Галкин, А. В. and Гиниатуллин, Р. А. and Хазипов, Р. Н. and Хируг, Л. С.},
year = {2003}
}
