Automatically generated by Mendeley Desktop 1.17.6
Any changes to this file will be lost if it is regenerated by Mendeley.

BibTeX export options can be customized via Options -> BibTeX in Mendeley Desktop

@article{Obiedkov1999,
author = {Объедков, С. А.},
file = {:C$\backslash$:/Users/sanek/Documents/Mendeley Desktop/Научно-техническая информатика. Серия 2. Информационные процессы и системы/1999/Объедков - 1999.pdf:pdf},
journal = {Научно-техническая информатика. Серия 2. Информационные процессы и системы},
language = {russian},
number = {1-2},
pages = {64--75},
title = {{Алгоритмические аспекты ДСМ-метода автоматического порождения гипотез}},
year = {1999}
}
