Automatically generated by Mendeley Desktop 1.17.6
Any changes to this file will be lost if it is regenerated by Mendeley.

BibTeX export options can be customized via Options -> BibTeX in Mendeley Desktop

@incollection{Obuhov2008,
author = {Обухов, Д. К.},
booktitle = {Вопросы морфологии XXI века},
editor = {Костюкевич, С. В.},
file = {:C$\backslash$:/Users/sanek/Documents/Mendeley Desktop/Вопросы морфологии XXI века/2008/Обухов - 2008.pdf:pdf},
language = {russian},
number = {1},
pages = {200--223},
title = {{Современные представления о развитии, структуре и эволюции неокортекса конечного мозга млекопитающих животных и человека}},
year = {2008}
}
