Automatically generated by Mendeley Desktop 1.17.6
Any changes to this file will be lost if it is regenerated by Mendeley.

BibTeX export options can be customized via Options -> BibTeX in Mendeley Desktop

@article{Oliva2001,
author = {Oliva, Aude and Torralba, Antonio},
file = {:C$\backslash$:/Users/sanek/Documents/Mendeley Desktop/International Journal of Computer Vision/2001/Oliva, Torralba - 2001.pdf:pdf},
journal = {International Journal of Computer Vision},
keywords = {energy spectrum,natural images,principal components,scene recognition,spatial layout},
number = {3},
pages = {145--175},
title = {{Modeling the Shape of the Scene: A Holistic Representation of the Spatial Envelope}},
volume = {42},
year = {2001}
}
