Automatically generated by Mendeley Desktop 1.17.6
Any changes to this file will be lost if it is regenerated by Mendeley.

BibTeX export options can be customized via Options -> BibTeX in Mendeley Desktop

@book{Osipov1997,
address = {М.},
author = {Осипов, Г. С.},
language = {russian},
pages = {112},
publisher = {Наука. Физматлит},
title = {{Приобретение знаний интеллектуальными системами}},
year = {1997}
}
