Automatically generated by Mendeley Desktop 1.17.6
Any changes to this file will be lost if it is regenerated by Mendeley.

BibTeX export options can be customized via Options -> BibTeX in Mendeley Desktop

@inproceedings{Osipov2012,
address = {Калининград},
author = {Осипов, Г. С.},
booktitle = {Пятая международная конференция по когнитивной науке: Тезисы докладов: Калининград, 18-24 июня 2012 г.},
file = {:C$\backslash$:/Users/sanek/Documents/Mendeley Desktop/Пятая международная конференция по когнитивной науке Тезисы докладов Калининград, 18-24 июня 2012 г/2012/Осипов - 2012.pdf:pdf},
keywords = {osipov},
language = {russian},
mendeley-tags = {osipov},
pages = {812--813},
publisher = {Межрегиональная ассоциация когнитивных исследований (МАКИ)},
title = {{Поведение, управляемое картиной мира}},
year = {2012}
}
