Automatically generated by Mendeley Desktop 1.17.6
Any changes to this file will be lost if it is regenerated by Mendeley.

BibTeX export options can be customized via Options -> BibTeX in Mendeley Desktop

@article{Osipov2002d,
author = {Осипов, Г. С. and Поспелов, Д. А.},
journal = {Новости искусственного интеллекта},
keywords = {osipov},
language = {russian},
mendeley-tags = {osipov},
number = {6},
pages = {28--35},
title = {{Введение в прикладную семиотику. Глава 5. Операции в семиотических базах знаний.}},
year = {2002}
}
