Automatically generated by Mendeley Desktop 1.17.6
Any changes to this file will be lost if it is regenerated by Mendeley.

BibTeX export options can be customized via Options -> BibTeX in Mendeley Desktop

@article{Osipov1990,
author = {Осипов, Г. С.},
journal = {Известия АН СССР. Техническая кибернетика},
language = {russian},
number = {5},
pages = {32--45},
title = {{Построение моделей предметных областей. Ч. I. Неоднородные семантические сети}},
year = {1990}
}
