Automatically generated by Mendeley Desktop 1.17.6
Any changes to this file will be lost if it is regenerated by Mendeley.

BibTeX export options can be customized via Options -> BibTeX in Mendeley Desktop

@article{Osipov2002c,
author = {Осипов, Г. С.},
file = {:C$\backslash$:/Users/sanek/Documents/Mendeley Desktop/Новости искусственного интеллекта/2002/Осипов - 2002.pdf:pdf},
journal = {Новости искусственного интеллекта},
keywords = {osipov},
language = {russian},
mendeley-tags = {osipov},
number = {6},
pages = {3--7},
title = {{От ситуационного управления к прикладной семиотике}},
year = {2002}
}
