Automatically generated by Mendeley Desktop 1.17.6
Any changes to this file will be lost if it is regenerated by Mendeley.

BibTeX export options can be customized via Options -> BibTeX in Mendeley Desktop

@inproceedings{Osipov1995,
address = {Columbus},
author = {Osipov, G. S.},
booktitle = {Proceedings of Workshop on Russian Situation Control and Cybernetic/Semiotic Modeling},
keywords = {osipov},
mendeley-tags = {osipov},
pages = {51--72},
publisher = {Battelle},
title = {{Semiotic Modeling: An Overview}},
year = {1995}
}
