Automatically generated by Mendeley Desktop 1.17.6
Any changes to this file will be lost if it is regenerated by Mendeley.

BibTeX export options can be customized via Options -> BibTeX in Mendeley Desktop

@inproceedings{Osipov1998,
abstract = {The paper studies the behavior of knowledge-based integrated systems with quasi-axiomatic state description. A mechanism for state closure is considered. Concepts of knowledge base deductive and causal completeness are introduced, and their relationship with behavior and controllability of integrated systems is established},
address = {Gaithersburg},
author = {Osipov, Gennady S},
booktitle = {Proceedings of the 1998 IEEE ISIC/CIRA/ISAS Joint Conference},
doi = {10.1109/ISIC.1998.713660},
file = {:C$\backslash$:/Users/sanek/Documents/Mendeley Desktop/Proceedings of the 1998 IEEE ISICCIRAISAS Joint Conference/1998/Osipov - 1998.pdf:pdf},
isbn = {0780344235},
keywords = {integruted,osipov},
mendeley-tags = {osipov},
pages = {199--203},
publisher = {IEEE},
title = {{Dynamics in Integrated Knowledge-based Systems}},
volume = {2},
year = {1998}
}
