Automatically generated by Mendeley Desktop 1.17.6
Any changes to this file will be lost if it is regenerated by Mendeley.

BibTeX export options can be customized via Options -> BibTeX in Mendeley Desktop

@inproceedings{Osipov2016a,
abstract = {In this paper a sign-based or semiotic formalism is considered. Neurophysio-logical and psychological researches indicate sign-based structures, which are the basic elements of the world model of a human subject. These elements are formed during his/her activity and communication. In this formalism it was possible to formulate and solve the problem of goal-setting, i.e. generating the goal of behavior.},
author = {Osipov, G. S.},
booktitle = {2016 IEEE 8th International Conference on Intelligent Systems (IS)},
doi = {10.1109/IS.2016.7737445},
editor = {Yager, Ronald and Sgurev, Vassil and Hadjiski, Mincho and Jotsov, Vladimir},
file = {:C$\backslash$:/Users/sanek/Documents/Mendeley Desktop/2016 IEEE 8th International Conference on Intelligent Systems (IS)/2016/Osipov - 2016.docx:docx;:C$\backslash$:/Users/sanek/Documents/Mendeley Desktop/2016 IEEE 8th International Conference on Intelligent Systems (IS)/2016/Osipov - 2016.pdf:pdf},
isbn = {978-1-5090-1354-8},
keywords = {15-07-06214,osipov,scopus},
mendeley-tags = {15-07-06214,osipov,scopus},
month = {sep},
pages = {22--26},
publisher = {IEEE},
title = {{Sign-based representation and word model of actor}},
url = {http://ieeexplore.ieee.org/abstract/document/7737445/},
year = {2016}
}
