Automatically generated by Mendeley Desktop 1.17.6
Any changes to this file will be lost if it is regenerated by Mendeley.

BibTeX export options can be customized via Options -> BibTeX in Mendeley Desktop

@inproceedings{Osipov2015b,
abstract = {Уточняется понятие знака, достаточно широко используемое в психологии, в частности, в культурно-исторической теории Л. С. Выготского, где знак понимается неформальным образом. Рассмотрены процедуры формирования знаков и самоорганизация на множестве знаков. Результатом самоорганизации является новый способ описания картины мира субъекта деятельности. На основе предложенной картины мира строятся модели некоторых функций сознания.},
address = {Челябинск},
author = {Осипов, Г. С.},
booktitle = {Информационные технологии и системы: Труды Четвертой международной научной конференции},
editor = {Попков, Ю. С. and Мельников, А. В.},
file = {:C$\backslash$:/Users/sanek/Documents/Mendeley Desktop/Информационные технологии и системы Труды Четвертой международной научной конференции/2015/Осипов - 2015.pdf:pdf},
keywords = {15-07-06214,osipov},
language = {russian},
mendeley-tags = {15-07-06214,osipov},
pages = {94--100},
publisher = {Изд-во Челяб. гос. ун–та},
title = {{Когнитивное метамоделирование}},
year = {2015}
}
