Automatically generated by Mendeley Desktop 1.17.6
Any changes to this file will be lost if it is regenerated by Mendeley.

BibTeX export options can be customized via Options -> BibTeX in Mendeley Desktop

@article{Osipov1999,
author = {Осипов, Г. С. and Поспелов, Д. А.},
file = {:C$\backslash$:/Users/sanek/Documents/Mendeley Desktop/Новости искусственного интеллекта/1999/Осипов, Поспелов - 1999.pdf:pdf},
journal = {Новости искусственного интеллекта},
keywords = {osipov},
language = {russian},
mendeley-tags = {osipov},
number = {1},
pages = {9--35},
title = {{Прикладная семиотика}},
year = {1999}
}
