Automatically generated by Mendeley Desktop 1.17.6
Any changes to this file will be lost if it is regenerated by Mendeley.

BibTeX export options can be customized via Options -> BibTeX in Mendeley Desktop

@inproceedings{Osipov2016c,
author = {Осипов, Г. С.},
booktitle = {Гибридные и синергетические интеллектуальные системы: Материалы III Всероссийской Поспеловской конференции с международным участием},
editor = {Колесников, А. В.},
file = {:C$\backslash$:/Users/sanek/Documents/Mendeley Desktop/Гибридные и синергетические интеллектуальные системы Материалы III Всероссийской Поспеловской конференции с международным участием/2016/Осипов - 2016.pdf:pdf},
keywords = {15-07-06214,osipov},
language = {russian},
mendeley-tags = {15-07-06214,osipov},
pages = {56--69},
publisher = {Издательство БФУ им. Иммануила Канта},
title = {{Знаковые модели как альтернатива символьным}},
year = {2016}
}
