Automatically generated by Mendeley Desktop 1.17.6
Any changes to this file will be lost if it is regenerated by Mendeley.

BibTeX export options can be customized via Options -> BibTeX in Mendeley Desktop

@inproceedings{Osipov1997b,
address = {Bratislava},
author = {Pospelov, D. A. and Osipov, G. S.},
booktitle = {Proceedings of the Second Workshop on Applied Semiotics, Seventh International Conference on Artificial Intelligence and Information-Control Systems of Robots (AIICSR'97)},
keywords = {osipov},
mendeley-tags = {osipov},
pages = {1--12},
title = {{Knowledge in semiotic models}},
year = {1997}
}
