Automatically generated by Mendeley Desktop 1.17.6
Any changes to this file will be lost if it is regenerated by Mendeley.

BibTeX export options can be customized via Options -> BibTeX in Mendeley Desktop

@article{Osipov2000,
author = {Осипов, Г. С. and Лебедева, Т. Г.},
journal = {Известия РАН. Теория и системы управления},
language = {russian},
number = {5},
pages = {703--709},
title = {{Архитектура и управляемость дискретных динамических систем, основанных на знаниях}},
year = {2000}
}
