Automatically generated by Mendeley Desktop 1.17.6
Any changes to this file will be lost if it is regenerated by Mendeley.

BibTeX export options can be customized via Options -> BibTeX in Mendeley Desktop

@article{Osipov2008b,
author = {Осипов, Г. С.},
file = {:C$\backslash$:/Users/sanek/Documents/Mendeley Desktop/Искусственный интеллект и принятие решений/2008/Осипов - 2008.pdf:pdf},
journal = {Искусственный интеллект и принятие решений},
keywords = {osipov},
language = {russian},
mendeley-tags = {osipov},
number = {1},
pages = {47--54},
title = {{Динамические интеллектуальные системы}},
year = {2008}
}
