Automatically generated by Mendeley Desktop 1.17.6
Any changes to this file will be lost if it is regenerated by Mendeley.

BibTeX export options can be customized via Options -> BibTeX in Mendeley Desktop

@article{Osipov2003b,
author = {Осипов, Г. С. and Виноградов, А. Н. and Жилякова, Л. Ю.},
file = {:C$\backslash$:/Users/sanek/Documents/Mendeley Desktop/Известия АН. Теория и системы управления/2003/Осипов, Виноградов, Жилякова - 2003.pdf:pdf},
journal = {Известия АН. Теория и системы управления},
keywords = {osipov},
language = {russian},
mendeley-tags = {osipov},
number = {1},
pages = {87--94},
title = {{Динамические интеллектуальные системы. II. Моделирование целенаправленного поведения}},
year = {2003}
}
