Automatically generated by Mendeley Desktop 1.17.6
Any changes to this file will be lost if it is regenerated by Mendeley.

BibTeX export options can be customized via Options -> BibTeX in Mendeley Desktop

@article{Osipov2009a,
author = {Осипов, Г. С. and Тихомиров, И. А. and Хачумов, В. М. and Яковлев, К. С.},
journal = {Авиакосмическое приборостроение},
keywords = {osipov},
language = {russian},
mendeley-tags = {osipov},
number = {6},
pages = {34--43},
title = {{Интеллектуальное управление транспортными средствами: стандарты, проекты, реализации}},
year = {2009}
}
