Automatically generated by Mendeley Desktop 1.17.6
Any changes to this file will be lost if it is regenerated by Mendeley.

BibTeX export options can be customized via Options -> BibTeX in Mendeley Desktop

@inproceedings{Osipov2015a,
abstract = {Рассматривается модель картины мира субъекта деятельности. Модель опирается на понятие знака (Пирс, Фреге, Поспелов), достаточно широко используемое в психологии, в частности, в культурно-исторической теории Л.С. Выготского. Показывается, что предложенная модель коррелирует с идеей повторного входа возбуждения в проекционную кору как основы психических функций, высказанной в работах А.М. Иваницкого (Иваницкий, 1976), Эдельмана (Эдельман, 1981), Дж. Десмедта и К.Томберга (1995), Дж. Грея (1995) и других. Для этого уточняется понятие знака, рассматриваются процедуры формирования знаков и самоорганизации на множестве знаков.},
author = {Осипов, Г. С.},
booktitle = {Нейронауки и благополучие общества: технологические, экономические, биомедицинские и гуманитарные аспекты: Сборник материалов конференции},
file = {:C$\backslash$:/Users/sanek/Documents/Mendeley Desktop/Нейронауки и благополучие общества технологические, экономические, биомедицинские и гуманитарные аспекты Сборник материалов конференции/2015/Осипов - 2015.pdf:pdf},
keywords = {15-07-06214,osipov},
language = {russian},
mendeley-tags = {15-07-06214,osipov},
pages = {103},
publisher = {РИЦ МГГУ им. М.А. Шолохова},
title = {{Знаковая модель картины мира и её нейрофизиологические основания}},
year = {2015}
}
