Automatically generated by Mendeley Desktop 1.17.6
Any changes to this file will be lost if it is regenerated by Mendeley.

BibTeX export options can be customized via Options -> BibTeX in Mendeley Desktop

@article{Osipov2002b,
author = {Vinogradov, A. N. and Osipov, G. S. and Zhilyakova, L. Yu.},
journal = {Journal of Computer and Systems Sciences International},
keywords = {osipov},
mendeley-tags = {osipov},
number = {6},
pages = {953--960},
title = {{Dynamic intelligent systems: I. Knowledge representation and basic algorithms}},
volume = {41},
year = {2002}
}
