Automatically generated by Mendeley Desktop 1.17.6
Any changes to this file will be lost if it is regenerated by Mendeley.

BibTeX export options can be customized via Options -> BibTeX in Mendeley Desktop

@inproceedings{Osipov2014a,
address = {Челябинск},
author = {Осипов, Г. С.},
booktitle = {Информационные технологии и системы: Труды Третьей международной научной конференции},
editor = {Попков, Ю. С. and Мельников, А. В.},
file = {:C$\backslash$:/Users/sanek/Documents/Mendeley Desktop/Информационные технологии и системы Труды Третьей международной научной конференции/2014/Осипов - 2014.pdf:pdf},
keywords = {osipov},
language = {russian},
mendeley-tags = {osipov},
pages = {21--27},
publisher = {Изд-во Челяб. гос. ун–та},
title = {{Когнитивное метамоделирование. Элементы сознания и картины мира}},
year = {2014}
}
