Automatically generated by Mendeley Desktop 1.17.6
Any changes to this file will be lost if it is regenerated by Mendeley.

BibTeX export options can be customized via Options -> BibTeX in Mendeley Desktop

@inproceedings{Osipov2000a,
address = {Berlin},
author = {Osipov, G. S.},
booktitle = {Proceedings of the Workshop ``Applied Semiotics: Control Problems (ASC 2000)''. 14th European Conference of Artificial Intelligence (ECAI2000)},
keywords = {osipov},
mendeley-tags = {osipov},
pages = {1--4},
publisher = {IOS Press},
title = {{Origines of Applied Semiotics}},
year = {2000}
}
