Automatically generated by Mendeley Desktop 1.17.6
Any changes to this file will be lost if it is regenerated by Mendeley.

BibTeX export options can be customized via Options -> BibTeX in Mendeley Desktop

@article{Osipov2014c,
abstract = {Рассматриваются функции, которые в психологии принято относить к функциям сознания. К числу таких функций относятся рефлексия, осознание мотива деятельности, целеполагание, синтез целенаправленного поведения и некоторые иные. Описание опирается на понятие знака, достаточно широко используемое в психологии, в частности, в культурно-исторической теории Л.С.Выготского, где знак понимается неформальным образом. В настоящей работе уточняется понятие знака, рассматриваются механизмы формирования знаков и некоторые процедуры самоорганизации на множестве знаков. Благодаря работе механизмов самоорганизации возникает новый способ представления картины мира субъекта деятельности. Вводится понятие семиотической сети, которое используется для исследования картин мира субъектов. Строятся модели некоторых из указанных выше функций. Вторая часть статьи посвящена функциям самосознания и применению построенных моделей для задачи синтеза плана и построения новых архитектур интеллектуальных агентов, обладающих, в частности, способностями к распределению ролей в коалициях.},
author = {Осипов, Г. С. and Панов, А. И. and Чудова, Н. В.},
doi = {10.7868/S000233881404012X},
file = {:C$\backslash$:/Users/sanek/Documents/Mendeley Desktop/Известия Российской академии наук. Теория и системы управления/2014/Осипов, Панов, Чудова - 2014.doc:doc;:C$\backslash$:/Users/sanek/Documents/Mendeley Desktop/Известия Российской академии наук. Теория и системы управления/2014/Осипов, Панов, Чудова - 2014.pdf:pdf},
issn = {0002-3388},
journal = {Известия Российской академии наук. Теория и системы управления},
keywords = {12-07-00611,elibrary,mypub,vak},
language = {russian},
mendeley-tags = {12-07-00611,elibrary,mypub,vak},
number = {4},
pages = {49--62},
title = {{Управление поведением как функция сознания. I. Картина мира и целеполагание}},
url = {http://elibrary.ru/item.asp?doi=10.7868/S000233881404012X},
year = {2014}
}
