Automatically generated by Mendeley Desktop 1.17.6
Any changes to this file will be lost if it is regenerated by Mendeley.

BibTeX export options can be customized via Options -> BibTeX in Mendeley Desktop

@article{Osipov2002a,
author = {Осипов, Г. С. and Виноградов, А. Н. and Жилякова, Л. Ю.},
journal = {Известия АН. Теория и системы управления},
keywords = {osipov},
language = {russian},
mendeley-tags = {osipov},
number = {6},
pages = {119--127},
title = {{Динамические интеллектуальные системы. I. Представление знаний и основные алгоритмы}},
year = {2002}
}
