Automatically generated by Mendeley Desktop 1.17.6
Any changes to this file will be lost if it is regenerated by Mendeley.

BibTeX export options can be customized via Options -> BibTeX in Mendeley Desktop

@inproceedings{Osipov1997a,
address = {Bratislava},
author = {Osipov, G. S.},
booktitle = {Proceedings of the Second Workshop on Applied Semiotics, Seventh International Conference on Artificial Intelligence and Information-Control Systems of Robots (AIICSR'97)},
keywords = {osipov},
mendeley-tags = {osipov},
pages = {27--34},
title = {{Applied Semiotics and Intelligent Control}},
year = {1997}
}
