Automatically generated by Mendeley Desktop 1.17.6
Any changes to this file will be lost if it is regenerated by Mendeley.

BibTeX export options can be customized via Options -> BibTeX in Mendeley Desktop

@inproceedings{Osipov2004,
author = {Osipov, G. S.},
booktitle = {Proceedings of the 6th Joint Conference on Knowledge-Based Software Engineering},
editor = {Stefanuk, V. and Kajiri, K.},
keywords = {osipov},
mendeley-tags = {osipov},
pages = {189--196},
publisher = {IOS Press},
series = {Frontiers in Artificial Intelligence and Applications},
title = {{Goal-Orientation for Systems with Proper Behavior}},
year = {2004}
}
