Automatically generated by Mendeley Desktop 1.17.6
Any changes to this file will be lost if it is regenerated by Mendeley.

BibTeX export options can be customized via Options -> BibTeX in Mendeley Desktop

@book{Osipov2009,
address = {М.},
author = {Осипов, Г. С.},
file = {:C$\backslash$:/Users/sanek/Documents/Mendeley Desktop/Unknown/2009/Осипов - 2009.pdf:pdf},
keywords = {osipov},
language = {russian},
mendeley-tags = {osipov},
pages = {266},
publisher = {УРСС},
title = {{Лекции по искусственному интеллекту}},
year = {2009}
}
