Automatically generated by Mendeley Desktop 1.17.6
Any changes to this file will be lost if it is regenerated by Mendeley.

BibTeX export options can be customized via Options -> BibTeX in Mendeley Desktop

@article{Osipov2015d,
abstract = {Рассматриваются процедуры формирования элемента картины мира субъекта деятельности (знака), введенные в первой части работы. Исследуется процесс формирование пары образ – значение знака с учетом современных представлений о строении и функционировании коры головного мозга человека. Строится алгоритм синтеза плана поведения и предлагается новая архитектура интеллектуальных агентов, обладающих, в частности, способностями к распределению ролей в коалициях.},
author = {Осипов, Г. С. and Панов, А. И. and Чудова, Н. В.},
doi = {10.7868/S0002338815050108},
file = {:C$\backslash$:/Users/sanek/Documents/Mendeley Desktop/Известия Российский академии наук. Теория и системы управления/2015/Осипов, Панов, Чудова - 2015.pdf:pdf},
isbn = {0002-3388},
journal = {Известия Российский академии наук. Теория и системы управления},
keywords = {14-11-00692,15-07-06214,elibrary,mypub,vak},
language = {russian},
mendeley-tags = {14-11-00692,15-07-06214,elibrary,mypub,vak},
number = {6},
pages = {47--61},
title = {{Управление поведением как функция сознания. II. Синтез плана поведения}},
year = {2015}
}
