Automatically generated by Mendeley Desktop 1.17.6
Any changes to this file will be lost if it is regenerated by Mendeley.

BibTeX export options can be customized via Options -> BibTeX in Mendeley Desktop

@incollection{Osipov2016b,
author = {Osipov, Gennady and Smirnov, Ivan and Tikhomirov, Ilya and Sochenkov, Ilya},
booktitle = {Novel Applications of Intelligent Systems},
doi = {10.1007/978-3-319-14194-7},
editor = {Hadjiski, Mincho and Kasabov, Nikola and Filev, Dimitar and Jotsov, Vladimir},
file = {:C$\backslash$:/Users/sanek/Documents/Mendeley Desktop/Novel Applications of Intelligent Systems/2016/Osipov et al. - 2016.pdf:pdf},
isbn = {978-3-319-14193-0},
keywords = {osipov},
mendeley-tags = {osipov},
pages = {269--285},
publisher = {Springer International Publishing},
series = {Studies in Computational Intelligence},
title = {{Exactus Expertâ€”Search and Analytical Engine for Research and Development Support}},
url = {http://link.springer.com/10.1007/978-3-319-14194-7},
year = {2016}
}
