Automatically generated by Mendeley Desktop 1.17.6
Any changes to this file will be lost if it is regenerated by Mendeley.

BibTeX export options can be customized via Options -> BibTeX in Mendeley Desktop

@article{Osovec1983,
author = {Осовец, С. М. and Гинзбург, Д. А. and Гурфинкель, В. С. and Зенков, Л. Р. and Латаш, Л. П. and Малкин, В. Б. and Мельничук, П. В. and Пастернак, Е. Б.},
file = {:C$\backslash$:/Users/sanek/Documents/Mendeley Desktop/Успехи физических наук/1983/Осовец et al. - 1983.pdf:pdf},
journal = {Успехи физических наук},
language = {russian},
number = {1},
pages = {103--150},
title = {{Электрическая активность мозга: механизмы и интерпретация}},
volume = {141},
year = {1983}
}
