Automatically generated by Mendeley Desktop 1.16.3
Any changes to this file will be lost if it is regenerated by Mendeley.

BibTeX export options can be customized via Options -> BibTeX in Mendeley Desktop

@phdthesis{2016,
author = {Князев, А. В.},
file = {:C$\backslash$:/Users/sanek/Documents/Mendeley Desktop/Unknown/2016/Князев - 2016.pdf:pdf},
pages = {53},
school = {МЭИ},
title = {{Управление мобильной платформой KUKA YOUBOT с использованием программных средств Labview}},
year = {2016}
}
