Automatically generated by Mendeley Desktop 1.17.6
Any changes to this file will be lost if it is regenerated by Mendeley.

BibTeX export options can be customized via Options -> BibTeX in Mendeley Desktop

@article{Hoel2013,
abstract = {Causal interactions within complex systems can be analyzed at multiple spatial and temporal scales. For example, the brain can be analyzed at the level of neurons, neuronal groups, and areas, over tens, hundreds, or thousands of milliseconds. It is widely assumed that, once a micro level is fixed, macro levels are fixed too, a relation called supervenience. It is also assumed that, although macro descriptions may be convenient, only the micro level is causally complete, because it includes every detail, thus leaving no room for causation at themacro level. However, this assumption can only be evaluated under a proper measure of causation. Here, we use ameasure[effectiveinformation (EI)] that depends on both the effectiveness of a system's mechanisms and the size of its state space: EI is higher the more the mechanisms constrain the system's possible past and future states. Bymeasuring EI at micro andmacro levels in simple systems whosemicro mechanisms are fixed,we show that for certain causal architectures EI can peak at a macro level in space and/or time. This happens when coarse-grained macro mechanisms are more effective (more deterministic and/or less degenerate) than the underlying micro mechanisms, to an extent that overcomes the smaller state space. Thus, although the macro level supervenes upon themicro, it can supersede it causally, leading to genuine causal emergence—the gain in EI when moving from a micro to a macro level of analysis.},
author = {Hoel, E. P. and Albantakis, L. and Tononi, G.},
doi = {10.1073/pnas.1314922110},
file = {:C$\backslash$:/Users/sanek/Documents/Mendeley Desktop/Proceedings of the National Academy of Sciences/2013/Hoel, Albantakis, Tononi - 2013.pdf:pdf},
issn = {0027-8424},
journal = {Proceedings of the National Academy of Sciences},
number = {49},
pages = {19790--19795},
title = {{Quantifying causal emergence shows that macro can beat micro}},
url = {http://www.pnas.org/cgi/doi/10.1073/pnas.1314922110},
volume = {110},
year = {2013}
}
@article{Vershik2004,
author = {Вершик, А. М.},
file = {:C$\backslash$:/Users/sanek/Documents/Mendeley Desktop/Записки научного семинара ПОМИ/2004/Вершик - 2004.pdf:pdf},
journal = {Записки научного семинара ПОМИ},
language = {russian},
pages = {69--85},
title = {{Метрика Канторовича: начальная история и малоизвестные применения}},
volume = {312},
year = {2004}
}
@article{Kolda2008,
abstract = {This survey provides an overview of higher-order tensor decompositions, their applications, and available software. A tensor is a multidimensional or N-way array. Decompositions of higher-order tensors (i.e., N-way arrays with N ≥ 3) have applications in psychometrics, chemometrics, signal processing, numerical linear algebra, computer vision, numerical analysis, data mining, neuroscience, graph analysis, and elsewhere. Two particular tensor decompositions can be considered to be higher-order extensions of the matrix singular value decomposition:CANDECOMP/PARAFAC (CP) decomposes a tensor as a sum of rank-one tensors, and the Tucker decomposition is a higher-order form of principal component analysis. There are many other tensor decompositions, including INDSCAL, PARAFAC2, CANDELINC, DEDICOM, and PARATUCK2 as well as nonnegative variants of all of the above. The N-way Toolbox, Tensor Toolbox, and Multilinear Engine are examples of software packages for working with tensors.},
author = {Kolda, Tamara G. and Bader, Brett W.},
doi = {10.1137/07070111X},
file = {:C$\backslash$:/Users/sanek/Documents/Mendeley Desktop/SIAM Review/2008/Kolda, Bader - 2008.pdf:pdf},
isbn = {0036-1445},
issn = {0036-1445},
journal = {SIAM Review},
keywords = {15A69,15a69,65F99,65f99,ams subject classifications,candecomp,canonical decomposition,canonical decomposition (CANDECOMP),computer software,decomposition (mathematics),higher-order principal components analysis,higher-order principal components analysis (Tucker,higher-order singular value decomposition,higher-order singular value decomposition (HOSVD),hosvd,multilinea,multilinear algebra,multiway arrays,orthogonal arrays,parafac,parallel factors,parallel factors (PARAFAC),principal components analysis,tensor decompositions,tensor products,tucker},
number = {3},
pages = {455--500},
title = {{Tensor Decompositions and Applications}},
url = {http://epubs.siam.org/doi/abs/10.1137/07070111X},
volume = {51},
year = {2008}
}
@book{Kudryavtcev1985,
address = {М.},
author = {Кудрявцев, В. Б. and Алешин, С. В. and Подколзин, А. С.},
language = {russian},
pages = {320},
publisher = {Наука},
title = {{Введение в теорию автоматов}},
year = {1985}
}
@article{Nakamoto2008,
abstract = {Abstract. A purely peer-to-peer version of electronic cash would allow online payments to be sent directly from one party to another without going through a financial institution. Digital signatures provide part of the solution, but the main benefits are lost if a trusted third party is still required to prevent double-spending. We propose a solution to the double-spending problem using a peer-to-peer network. The network timestamps transactions by hashing them into an ongoing chain of hash-based proof-of-work, forming a record that cannot be changed without redoing the proof-of-work. The longest chain not only serves as proof of the sequence of events witnessed, but proof that it came from the largest pool of CPU power. As long as a majority of CPU power is controlled by nodes that are not cooperating to attack the network, they'll generate the longest chain and outpace attackers. The network itself requires minimal structure. Messages are broadcast on a best effort basis, and nodes can leave and rejoin the network at will, accepting the longest proof-of-work chain as proof of what happened while they were gone.},
archivePrefix = {arXiv},
arxivId = {43543534534v343453},
author = {Nakamoto, Satoshi},
doi = {10.1007/s10838-008-9062-0},
eprint = {43543534534v343453},
file = {:C$\backslash$:/Users/sanek/Documents/Mendeley Desktop/Www.Bitcoin.Org/2008/Nakamoto - 2008.pdf:pdf},
isbn = {978-972-757-716-3},
issn = {09254560},
journal = {Www.Bitcoin.Org},
pages = {9},
pmid = {14533183},
title = {{Bitcoin: A Peer-to-Peer Electronic Cash System}},
url = {https://bitcoin.org/bitcoin.pdf},
year = {2008}
}
@misc{Coecke2005,
abstract = {These lecture notes survey some joint work with Samson Abramsky as it was presented by me at several conferences in the summer of 2005. It concerns `doing quantum mechanics using only pictures of lines, squares, triangles and diamonds'. This picture calculus can be seen as a very substantial extension of Dirac's notation, and has a purely algebraic counterpart in terms of so-called Strongly Compact Closed Categories (introduced by Abramsky and I in quant-ph/0402130 and [4]) which subsumes my Logic of Entanglement quant-ph/0402014. For a survey on the `what', the `why' and the `hows' I refer to a previous set of lecture notes quant-ph/0506132. In a last section we provide some pointers to the body of technical literature on the subject.},
archivePrefix = {arXiv},
arxivId = {quant-ph/0510032},
author = {Coecke, Bob},
booktitle = {http://arxiv.org/abs/quant-ph/0510032},
eprint = {0510032},
file = {:C$\backslash$:/Users/sanek/Documents/Mendeley Desktop/httparxiv.orgabsquant-ph0510032/2005/Coecke - 2005.pdf:pdf},
keywords = {-a quantum information,-w quantum mechanics,03,65,67,category theory,dirac notation,graphical calculus,logic,pacs,quantum formalism},
pages = {18},
primaryClass = {quant-ph},
title = {{Kindergarten Quantum Mechanics}},
url = {http://arxiv.org/abs/quant-ph/0510032},
urldate = {2014-09-27},
year = {2005}
}
@book{Shumtcer1974,
author = {Шмутцер, Э.},
file = {:C$\backslash$:/Users/sanek/Documents/Mendeley Desktop/Unknown/1974/Шмутцер - 1974.pdf:pdf},
language = {russian},
pages = {159},
title = {{Симметрия и законы сохранения в физике}},
year = {1974}
}
@article{Costin2013,
author = {Costin, Hariton},
file = {:C$\backslash$:/Users/sanek/Documents/Mendeley Desktop/International Journal of Computers, Communications and Control/2013/Costin - 2013.pdf:pdf},
issn = {18419844},
journal = {International Journal of Computers, Communications and Control},
keywords = {Biomedical image processing,Fuzzy rules,Fuzzy systems,Image segmentation},
number = {2},
pages = {196--205},
title = {{A fuzzy rules-based segmentation method for medical images analysis}},
volume = {8},
year = {2013}
}
@book{Haar1974,
address = {М.},
author = {тер Хаар, Д.},
file = {:C$\backslash$:/Users/sanek/Documents/Mendeley Desktop/Unknown/1974/Хаар - 1974.pdf:pdf},
language = {russian},
pages = {225},
publisher = {Наука},
title = {{Основы гамильтоновой динамики}},
year = {1974}
}
@article{Bogdanov2012,
author = {Богданов, Ю. И. and Кокин, А. А. and Лукичев, В. Ф. and Орликовский, А. А. and Семенихин, И. А. and Чернявский, А. Ю. and Аннотация.},
file = {:C$\backslash$:/Users/sanek/Documents/Mendeley Desktop/Информационные технологии и вычислительные системы/2012/Богданов et al. - 2012.pdf:pdf},
journal = {Информационные технологии и вычислительные системы},
language = {russian},
number = {1},
pages = {17--31},
title = {{Квантовая механика и развитие информационных технологий}},
year = {2012}
}
@unpublished{Fomin2011,
author = {Фомин, С. А. and Кузюрин, Н. Н.},
file = {:C$\backslash$:/Users/sanek/Documents/Mendeley Desktop/Unknown/2011/Фомин, Кузюрин - 2011.pdf:pdf},
language = {russian},
pages = {363},
title = {{Эффективные алгоритмы и сложность вычислений}},
year = {2011}
}
@phdthesis{Jilyakova2013a,
author = {Жилякова, Л. Ю.},
file = {:C$\backslash$:/Users/sanek/Documents/Mendeley Desktop/Unknown/2013/Жилякова - 2013.pdf:pdf},
language = {russian},
pages = {305},
school = {ИПУ РАН},
title = {{Реусурсные сети и анализ их динамики}},
year = {2013}
}
@unpublished{Raikov1995,
author = {Райков, А. Н.},
file = {:C$\backslash$:/Users/sanek/Documents/Mendeley Desktop/Unknown/2010/Райков - 2010.pdf:pdf},
language = {russian},
pages = {1--22},
title = {{Квантовая семантика}},
year = {2010}
}
@unpublished{Redozubov2014,
author = {Редозубов, Автор А},
file = {:C$\backslash$:/Users/sanek/Documents/Mendeley Desktop/Unknown/2014/Редозубов - 2014.pdf:pdf},
language = {russian},
pages = {1--45},
title = {{Паттерно-волновая модель мозга. Механизмы обработки информации, организация памяти}},
year = {2014}
}
@book{Bratko1977,
address = {Новосибирск},
author = {Братко, А.А. and Кочергин, А. Н.},
file = {:C$\backslash$:/Users/sanek/Documents/Mendeley Desktop/Unknown/1977/Братко, Кочергин - 1977.pdf:pdf},
language = {russian},
pages = {183},
publisher = {Наука},
title = {{Информация и психика}},
year = {1977}
}
@book{Saveliev2005,
address = {М.},
author = {Савельев, С.В.},
file = {:C$\backslash$:/Users/sanek/Documents/Mendeley Desktop/Unknown/2005/Савельев - 2005.pdf:pdf},
isbn = {5946240250},
language = {russian},
pages = {368},
publisher = {Веди},
title = {{Происхождение мозга}},
year = {2005}
}
@article{Eriksson2009,
author = {Eriksson, Karl-Erik},
doi = {10.1088/0953-4075/42/8/085001},
file = {:C$\backslash$:/Users/sanek/Documents/Mendeley Desktop/Journal of Physics B Atomic, Molecular and Optical Physics/2009/Eriksson - 2009.pdf:pdf},
issn = {0953-4075},
journal = {Journal of Physics B: Atomic, Molecular and Optical Physics},
number = {8},
pages = {085001},
title = {{Stochastic final-state dynamics of widening entanglement—a possible description of quantum measurement}},
url = {http://stacks.iop.org/0953-4075/42/i=8/a=085001?key=crossref.d41fa4031b6a308fc5b04297332eb1e0},
volume = {42},
year = {2009}
}
@inproceedings{Andreichuk2016,
abstract = {Задача планирования траектории обычно рассматривается в искусственном интеллекте как задача поиска пути на графе особой структуры, и все известные алгоритмы предполагают получение в качестве ответа путь, если таковой существует, или же специального ответа «пути не существует» в противном случае. При этом в ряде задач, например при планировании совокупности траекторий для множества интеллектуальных агентов, обладающих различными возможностями взаимодействия с окружающей средой, необходимо знать почему пути не существует. Если, это обусловлено наличием блокирующего препятствия, то последнее может быть разрушено одним из участником коалиции агентов и ранее не решаемая задача планирования теперь может иметь ответ. Таким образом проблема идентификации блокирующего препятствия при планировании становится актуальной и востребованной. Исследованию и разработке методов решения этой проблемы и посвящена настоящая работа.},
address = {Тверь},
author = {Андрейчук, А. А. and Яковлев, К. С.},
booktitle = {Информатика, управление и системный анализ: Труды IV Всероссийской научной конференции молодых учёных с международным участием},
file = {:C$\backslash$:/Users/sanek/Documents/Mendeley Desktop/Информатика, управление и системный анализ Труды IV Всероссийской научной конференции молодых учёных с международным участием/2016/Андрейчук, Яковлев - 2016.pdf:pdf},
keywords = {16-11-00048},
language = {russian},
mendeley-tags = {16-11-00048},
pages = {96--105},
publisher = {Тверской государственный технический университет},
title = {{Методы идентификации блокирующего препятствия в задачах планирования траектории}},
volume = {I},
year = {2016}
}
@book{Dudakov2009,
author = {Дудаков, Сергей Михайлович},
file = {:C$\backslash$:/Users/sanek/Documents/Mendeley Desktop/Unknown/2009/Дудаков - 2009.pdf:pdf},
language = {russian},
pages = {291},
title = {{Основы теории моделей}},
year = {2009}
}
@book{Milnor2000,
address = {Ижевск},
author = {Милнор, Дж.},
file = {:C$\backslash$:/Users/sanek/Documents/Mendeley Desktop/Unknown/2000/Милнор - 2000.pdf:pdf},
language = {russian},
pages = {320},
publisher = {Регулярная и хаотическая динамика},
title = {{Голоморфная динамика. Вводные лекции}},
year = {2000}
}
@book{Keisler1977,
address = {М.},
author = {Кейслер, Г. and Чэн, Ч. Ч.},
file = {:C$\backslash$:/Users/sanek/Documents/Mendeley Desktop/Unknown/1977/Кейслер, Чэн - 1977.pdf:pdf},
language = {russian},
pages = {614},
publisher = {Мир},
title = {{Теория моделей}},
year = {1977}
}
@book{Deutsch2001,
address = {Ижевск},
author = {Дойч, Д.},
file = {:C$\backslash$:/Users/sanek/Documents/Mendeley Desktop/Unknown/2001/Дойч - 2001.pdf:pdf},
isbn = {5-93972-040-4},
language = {russian},
pages = {400},
publisher = {НИЦ РХД},
title = {{Структура реальности}},
translator = {Зубченко, Н. А.},
year = {2001}
}
@phdthesis{2016,
author = {Князев, А. В.},
file = {:C$\backslash$:/Users/sanek/Documents/Mendeley Desktop/Unknown/2016/Князев - 2016.pdf:pdf},
language = {russian},
pages = {53},
school = {МЭИ},
title = {{Управление мобильной платформой KUKA YOUBOT с использованием программных средств Labview}},
year = {2016}
}
@book{Barut1980b,
address = {М.},
author = {Барут, А. and Рончак, Р.},
file = {:C$\backslash$:/Users/sanek/Documents/Mendeley Desktop/Unknown/1980/Барут, Рончак - 1980(2).pdf:pdf},
language = {russian},
pages = {452},
publisher = {Мир},
title = {{Теори представления групп и её приложения. Том 1}},
year = {1980}
}
@article{Eremenko1989,
author = {Еременко, А. Э. and Любич, М. Ю.},
file = {:C$\backslash$:/Users/sanek/Documents/Mendeley Desktop/Алгебра и анализ/1989/Еременко, Любич - 1989.pdf:pdf},
journal = {Алгебра и анализ},
language = {russian},
number = {3},
pages = {1--70},
title = {{Динамика аналитических преобразований}},
volume = {1},
year = {1989}
}
@article{Mensky2000,
author = {Менский, М. Б.},
file = {:C$\backslash$:/Users/sanek/Documents/Mendeley Desktop/Успехи физических наук/2000/Менский - 2000.pdf:pdf},
journal = {Успехи физических наук},
language = {russian},
number = {6},
pages = {631--648},
title = {{Квантовая механика: новые эксперименты, новые приложения и новые формулировки старых вопрсов}},
volume = {170},
year = {2000}
}
@incollection{Dubois1998,
abstract = {The brain is a neurological device capable to carry out distributed computation and express cognition. The computational models of consciousness and cognition have potential applications in bio-inspired computing paradigm. This paper proposes a computational model of consciousness as a cognitive function following neurophysiology and elements of distributed computing. It is illustrated that the distributed computational model of consciousness has a basis in the quantum mechanical models in explaining the neurological cognitive functions. The transitions between the computing model and quantum basis are explained and analyzed considering different linear Hermitian operators.},
author = {Bagchi, Susmit},
booktitle = {Artificial Intelligence and Soft Computing},
doi = {10.1007/978-3-642-13208-7},
editor = {Rutkowski, Leszek and Korytkowski, Marcin and Scherer, Rafal and Tadeusiewicz, Ryszard and Zadeh, Lotfi A. and Jacek, Zurada M.},
file = {:C$\backslash$:/Users/sanek/Documents/Mendeley Desktop/Artificial Intelligence and Soft Computing/2015/Bagchi - 2015.pdf:pdf},
isbn = {9783642132070},
keywords = {cognition,consciousness,distributed computing,hermitian,mechanics,quantum},
pages = {71--78},
publisher = {Springer International Publishing},
series = {Lecture Notes in Computer Science},
title = {{On the Convergence of Quantum and Distributed Computational Models of Consciousness}},
url = {http://www.springerlink.com/content/15202tv751321p51/},
year = {2015}
}
@article{Levich2008,
author = {Левич, А. П.},
file = {:C$\backslash$:/Users/sanek/Documents/Mendeley Desktop/Системы и модели границы интерпретаций/2008/Левич - 2008.pdf:pdf},
journal = {Системы и модели: границы интерпретаций},
language = {russian},
pages = {25--33},
title = {{Язык категорий и функторов как архетип количественного и динамического описания Мира}},
year = {2008}
}
@incollection{Gardner2007,
author = {Зорина, Зоя Александровна},
booktitle = {Коммуникативные системы животных и язык человека. Проблема происхождения языка},
editor = {Кошелев, А. Д. and Черниговская, Т. В.},
file = {:C$\backslash$:/Users/sanek/Documents/Mendeley Desktop/Коммуникативные системы животных и язык человека. Проблема происхождения языка/2008/Зорина - 2008.pdf:pdf},
language = {russian},
pages = {136--171},
series = {Разумное поведение и язык},
title = {{Экспериментальные исследования возможности диалога между человеком и человекообразной обезьяной}},
year = {2008}
}
@book{2008,
address = {М.},
author = {Ивин, А.},
file = {:C$\backslash$:/Users/sanek/Documents/Mendeley Desktop/Unknown/2008/Ивин - 2008.pdf:pdf},
language = {russian},
pages = {336},
publisher = {ООО "Издательство Оникс"},
title = {{Логика: Учеб. пособие для студентов вузов}},
year = {2008}
}
@article{Smirnova2011,
author = {Смирнова, А. А.},
file = {:C$\backslash$:/Users/sanek/Documents/Mendeley Desktop/Зоологический журнал/2011/Смирнова - 2011.pdf:pdf},
journal = {Зоологический журнал},
language = {russian},
number = {7},
pages = {803--810},
title = {{О способности птиц к символизации}},
volume = {90},
year = {2011}
}
@article{Chiang2011,
abstract = {The growing availability of full-text scientific articles raises the important issue of how to most efficiently digest full-text content. Although article titles and abstracts provide accurate and concise information on an article's contents, their brevity inevitably entails the loss of detail. Full-text articles provide those details, but require more time to read. The primary goal of this study is to combine the advantages of concise abstracts and detail-rich full-texts to ease the burden of reading.},
author = {Chiang, Jung Hsien and Liu, Heng Hui and Huang, Yi Ting},
doi = {10.1093/bioinformatics/btr080},
file = {:C$\backslash$:/Users/sanek/Documents/Mendeley Desktop/Bioinformatics/2011/Chiang, Liu, Huang - 2011.pdf:pdf},
isbn = {1367-4811 (Linking)},
issn = {13674803},
journal = {Bioinformatics},
number = {8},
pages = {1143--1149},
pmid = {21330292},
title = {{Condensing biomedical journal texts through paragraph ranking}},
volume = {27},
year = {2011}
}
@inproceedings{Lifschitz2008,
author = {Lifschitz, Vladimir},
booktitle = {AAAI 2008},
file = {:C$\backslash$:/Users/sanek/Documents/Mendeley Desktop/AAAI 2008/2008/Lifschitz - 2008.pdf:pdf},
pages = {1594--1597},
title = {{What Is Answer Set Programming?}},
year = {2008}
}
@book{Sutkin2002,
author = {Сюткин, Владимир},
file = {:C$\backslash$:/Users/sanek/Documents/Mendeley Desktop/Unknown/2002/Сюткин - 2002.pdf:pdf},
language = {russian},
pages = {46},
title = {{Набор математических формул в LATEX 2e}},
year = {2002}
}
@book{Vorontcov2005,
author = {Воронцов, К. В.},
file = {:C$\backslash$:/Users/sanek/Documents/Mendeley Desktop/Unknown/2005/Воронцов - 2005.pdf:pdf},
isbn = {0123456789},
language = {russian},
pages = {59},
title = {{LATEX 2e в примерах}},
year = {2005}
}
@article{Chiang2007,
abstract = {BACKGROUND: Modeling cancer-related regulatory modules from gene expression profiling of cancer tissues is expected to contribute to our understanding of cancer biology as well as developments of new diagnose and therapies. Several mathematical models have been used to explore the phenomena of transcriptional regulatory mechanisms in Saccharomyces cerevisiae. However, the contemplating on controlling of feed-forward and feedback loops in transcriptional regulatory mechanisms is not resolved adequately in Saccharomyces cerevisiae, nor is in human cancer cells. RESULTS: In this study, we introduce a Genetic Algorithm-Recurrent Neural Network (GA-RNN) hybrid method for finding feed-forward regulated genes when given some transcription factors to construct cancer-related regulatory modules in human cancer microarray data. This hybrid approach focuses on the construction of various kinds of regulatory modules, that is, Recurrent Neural Network has the capability of controlling feed-forward and feedback loops in regulatory modules and Genetic Algorithms provide the ability of global searching of common regulated genes. This approach unravels new feed-forward connections in regulatory models by modified multi-layer RNN architectures. We also validate our approach by demonstrating that the connections in our cancer-related regulatory modules have been most identified and verified by previously-published biological documents. CONCLUSION: The major contribution provided by this approach is regarding the chain influences upon a set of genes sequentially. In addition, this inverse modeling correctly identifies known oncogenes and their interaction genes in a purely data-driven way.},
author = {Chiang, Jung-Hsien and Chao, Shih-Yi},
doi = {10.1186/1471-2105-8-91},
file = {:C$\backslash$:/Users/sanek/Documents/Mendeley Desktop/BMC bioinformatics/2007/Chiang, Chao - 2007.pdf:pdf},
isbn = {1471-2105},
issn = {14712105},
journal = {BMC bioinformatics},
pages = {91},
pmid = {17359522},
title = {{Modeling human cancer-related regulatory modules by GA-RNN hybrid algorithms.}},
volume = {8},
year = {2007}
}
@phdthesis{2011,
author = {Оселедец, И. В.},
file = {:C$\backslash$:/Users/sanek/Documents/Mendeley Desktop/Unknown/2011/Оселедец - 2011.pdf:pdf},
language = {russian},
school = {Институт вычислительной математики РАН},
title = {{Вычислительные тензорные методы и их применения}},
year = {2011}
}
@article{Kolmogorov1965,
author = {Колмогоров, А. Н.},
file = {:C$\backslash$:/Users/sanek/Documents/Mendeley Desktop/Проблемы передачи информации/1965/Колмогоров - 1965.pdf:pdf},
journal = {Проблемы передачи информации},
language = {russian},
number = {1},
pages = {3--11},
title = {{Три подхода к определению понятия ``количества информации''}},
volume = {1},
year = {1965}
}
@book{Zorina2002,
address = {М.},
author = {Зорина, Зоя Александровна and Полетаева, Инга Игоревна},
file = {:C$\backslash$:/Users/sanek/Documents/Mendeley Desktop/Unknown/2002/Зорина, Полетаева - 2002.pdf:pdf},
isbn = {5756701354},
language = {russian},
pages = {320},
publisher = {Аспект Пресс},
title = {{Элементарное мышление животных: Учебное пособие}},
year = {2002}
}
@book{Loskutov2007,
address = {Ижевск},
author = {Лоскутов, А. Ю. and Михайлов, А. С.},
file = {:C$\backslash$:/Users/sanek/Documents/Mendeley Desktop/Unknown/2007/Лоскутов, Михайлов - 2007.pdf:pdf},
language = {russian},
pages = {620},
publisher = {Институт компьютерных исследований},
title = {{Основы теории сложных систем}},
year = {2007}
}
@inproceedings{Raikov2014,
address = {М.},
author = {Райков, А. Н.},
booktitle = {XII всероссийское совещание по проблемам управления ВСПУ-2014},
file = {:C$\backslash$:/Users/sanek/Documents/Mendeley Desktop/XII всероссийское совещание по проблемам управления ВСПУ-2014/2014/Райков - 2014.pdf:pdf},
language = {russian},
pages = {4165--4170},
title = {{Топологическая семантика инсайта}},
year = {2014}
}
@book{Barut1980a,
address = {М.},
author = {Барут, А. and Рончак, Р.},
file = {:C$\backslash$:/Users/sanek/Documents/Mendeley Desktop/Unknown/1980/Барут, Рончак - 1980.pdf:pdf},
language = {russian},
pages = {393},
publisher = {Мир},
title = {{Теория представлений групп и её приложения. Том 2}},
year = {1980}
}
@incollection{Ershov1987,
address = {М.},
author = {Ершов, Ю. Л. and Самохвалов, К. Ф.},
booktitle = {Закономерности развития современной математики: методологические аспекты},
file = {:C$\backslash$:/Users/sanek/Documents/Mendeley Desktop/Закономерности развития современной математики методологические аспекты/1987/Ершов, Самохвалов - 1987.pdf:pdf},
language = {russian},
pages = {85--105},
publisher = {Наука},
title = {{О новом подходе к методологии математики}},
year = {1987}
}
@book{Kalman1971,
address = {М.},
author = {Калман, Р. and Фалб, П. and Арбиб, М.},
language = {russian},
publisher = {Мир},
title = {{Очерки по математической теории систем}},
year = {1971}
}
@book{Vigner1961,
address = {М.},
author = {Вигнер, Е.},
file = {:C$\backslash$:/Users/sanek/Documents/Mendeley Desktop/Unknown/1961/Вигнер - 1961.pdf:pdf},
language = {russian},
pages = {444},
publisher = {Издательство иностранной литературы},
title = {{Теория групп и её приложения к квантовомеханической теории атомных спектров}},
year = {1961}
}
@article{Chiang2014,
abstract = {Alterations of DNA methylation occur during the course of both stem cell development and tumorigenesis. We present a novel strategy that can be used to stratify glioblastoma multiforme (GBM) patients through the epigenetic states of genes associated with human embryonic stem cell (hESC) identity in order to 1) assess linkages between the methylation signatures of these stem cell genes and survival of GBM patients, and 2) delineate putative mechanisms leading to poor prognosis in some patient subgroups. A DNA methylation signature was established for stratifying GBM patients into several hESC methylator subgroups. The hESC methylator-negative phenotype has demonstrated poor survival and upregulation of glioma stem cell (GSC) markers, and is enriched in one of the previously defined transcriptomic phenotypes-the mesenchymal phenotype. We further identified a refined signature of 36 genes as the gene panel, including SOX2, POU3F2, FGFR2, GAP43, NTRK2, NTRK3, and NKX2-2, which are highly enriched in the nervous system. Both signatures outperformed the O6-methylguanine-DNA methyltransferase (MGMT) methylation test in predicting patient's outcome. These findings were also validated through an independent dataset of patients. Furthermore, through statistical analyses, both signatures were examined significantly. Hypomethylation of hESC-associated genes predicted poorer clinical outcome in GBM, supporting the idea that epigenetic activation of stem cell genes contributes to GBM aggression. The gene panel presented herein may be developed into clinical assays for patient stratification and future personalized medicine interventions.},
author = {Chiang, Jung-Hsien and Cheng, Wan-Shu and Hood, Leroy and Tian, Qiang},
doi = {10.1089/omi.2013.0084},
file = {:C$\backslash$:/Users/sanek/Documents/Mendeley Desktop/Omics a journal of integrative biology/2014/Chiang et al. - 2014.pdf:pdf},
issn = {1557-8100},
journal = {Omics : a journal of integrative biology},
keywords = {Area Under Curve,Biological,Biological: genetics,Brain Neoplasms,Brain Neoplasms: diagnosis,Brain Neoplasms: genetics,Brain Neoplasms: mortality,DNA Methylation,Embryonic Stem Cells,Embryonic Stem Cells: physiology,Epigenesis,Gene Expression Regulation,Genetic,Genetic Markers,Glioblastoma,Glioblastoma: diagnosis,Glioblastoma: genetics,Glioblastoma: mortality,Humans,Individualized Medicine,Kaplan-Meier Estimate,Neoplastic,Neoplastic Stem Cells,Neoplastic Stem Cells: physiology,Prognosis,ROC Curve,Tumor Markers},
number = {5},
pages = {310--323},
pmid = {24601786},
title = {{An epigenetic biomarker panel for glioblastoma multiforme personalized medicine through DNA methylation analysis of human embryonic stem cell-like signature}},
url = {http://www.ncbi.nlm.nih.gov/pubmed/24601786},
volume = {18},
year = {2014}
}
@book{2005a,
address = {М.},
edition = {4-е},
editor = {Мешкова, Н. Н. and Федорович, Е. Ю.},
file = {:C$\backslash$:/Users/sanek/Documents/Mendeley Desktop/Unknown/2005/Unknown - 2005.pdf:pdf},
isbn = {5936920348},
language = {russian},
pages = {376},
publisher = {УМК ``Психология''},
title = {{Хрестоматия по зоопсихологии и сравнительной психологии}},
year = {2005}
}
@article{Zorina2001,
author = {Зорина, Зоя Александровна and Смирнова, А. А. and Лазарева, О. Ф.},
file = {:C$\backslash$:/Users/sanek/Documents/Mendeley Desktop/Природа/2001/Зорина, Смирнова, Лазарева - 2001.pdf:pdf},
journal = {Природа},
language = {russian},
number = {2},
pages = {72--79},
title = {{Умеют ли вороны считать?}},
year = {2001}
}
@techreport{Tantau2013,
author = {Tantau, Till and Wright, Joseph and Miletic, Vedran},
file = {:C$\backslash$:/Users/sanek/Documents/Mendeley Desktop/Unknown/2013/Tantau, Wright, Miletic - 2013.pdf:pdf},
pages = {1--245},
title = {{The beamer class}},
year = {2013}
}
