Automatically generated by Mendeley Desktop 1.16.3
Any changes to this file will be lost if it is regenerated by Mendeley.

BibTeX export options can be customized via Options -> BibTeX in Mendeley Desktop

@inproceedings{Lifschitz2008,
author = {Lifschitz, Vladimir},
booktitle = {AAAI 2008},
file = {:C$\backslash$:/Users/sanek/Documents/Mendeley Desktop/AAAI 2008/2008/Lifschitz - 2008.pdf:pdf},
pages = {1594--1597},
title = {{What Is Answer Set Programming?}},
year = {2008}
}
