Automatically generated by Mendeley Desktop 1.17.6
Any changes to this file will be lost if it is regenerated by Mendeley.

BibTeX export options can be customized via Options -> BibTeX in Mendeley Desktop

@book{Sutkin2002,
author = {Сюткин, Владимир},
file = {:C$\backslash$:/Users/sanek/Documents/Mendeley Desktop/Unknown/2002/Сюткин - 2002.pdf:pdf},
language = {russian},
pages = {46},
title = {{Набор математических формул в LATEX 2e}},
year = {2002}
}
@book{Vorontcov2005,
author = {Воронцов, К. В.},
file = {:C$\backslash$:/Users/sanek/Documents/Mendeley Desktop/Unknown/2005/Воронцов - 2005.pdf:pdf},
isbn = {0123456789},
language = {russian},
pages = {59},
title = {{LATEX 2e в примерах}},
year = {2005}
}
@techreport{Tantau2013,
author = {Tantau, Till and Wright, Joseph and Miletic, Vedran},
file = {:C$\backslash$:/Users/sanek/Documents/Mendeley Desktop/Unknown/2013/Tantau, Wright, Miletic - 2013.pdf:pdf},
pages = {1--245},
title = {{The beamer class}},
year = {2013}
}
