Automatically generated by Mendeley Desktop 1.17.6
Any changes to this file will be lost if it is regenerated by Mendeley.

BibTeX export options can be customized via Options -> BibTeX in Mendeley Desktop

@incollection{Palamara2009,
author = {Palamara, Pier Francesco and Ziparo, Vittorio a and Iocchi, Luca and Nardi, Daniele and Lima, Pedro},
booktitle = {RoboCup 2008: Robot Soccer World Cup XII},
editor = {Iocchi, Luca and Matsubara, Hitoshi and Weitzenfeld, Alfredo and Zhou, Changjiu},
file = {:C$\backslash$:/Users/sanek/Documents/Mendeley Desktop/RoboCup 2008 Robot Soccer World Cup XII/2009/Palamara et al. - 2009.pdf:pdf},
pages = {200--211},
publisher = {Springer Berlin Heidelberg},
series = {Lecture Notes in Computer Science},
title = {{Teamwork Design Based on Petri Net Plans}},
year = {2009}
}
