Automatically generated by Mendeley Desktop 1.17.6
Any changes to this file will be lost if it is regenerated by Mendeley.

BibTeX export options can be customized via Options -> BibTeX in Mendeley Desktop

@inproceedings{Panov2014c,
address = {Калининград},
author = {Панов, А. И. and Петров, А. В.},
booktitle = {Шестая международная конференция по когнитивной науке: Тезисы докладов: Калининград, 23-27 июня 2014 г.},
file = {:C$\backslash$:/Users/sanek/Documents/Mendeley Desktop/Шестая международная конференция по когнитивной науке Тезисы докладов Калининград, 23-27 июня 2014 г/2014/Панов, Петров - 2014.pdf:pdf},
keywords = {12-07-00611,14-07-31194,myth},
language = {russian},
mendeley-tags = {12-07-00611,14-07-31194,myth},
pages = {466--468},
publisher = {Межрегиональная ассоциация когнитивных исследований (МАКИ)},
title = {{Аналитическое и целостное представление образов интеллектуальным агентом со знаковой картиной мира}},
year = {2014}
}
