Automatically generated by Mendeley Desktop 1.17.6
Any changes to this file will be lost if it is regenerated by Mendeley.

BibTeX export options can be customized via Options -> BibTeX in Mendeley Desktop

@inproceedings{Panov2014b,
abstract = {В работе представлен метод предварительного обучения на данных большого объема для составления компактной базы фактов, используемой в задаче выявления причинно-следственных связей. Проводится сравнение методов, использующих классический алгоритм AQ-обучения и эволюционный алгоритм генерации покрытий. Оба алгоритма позволяют сокращать признаковое пространство, на котором проходит поиск гипотез ДСМ-методом. Приводятся результаты экспериментов на данных психологического тестирования.},
address = {Казань},
author = {Панов, А. И. and Швец, А. В.},
booktitle = {Четырнадцатая национальная конференция по искусственному интеллекту с международным участием КИИ–2014 (24–27 сентября 2014г., г. Казань, Россия): Труды конференции},
file = {:C$\backslash$:/Users/sanek/Documents/Mendeley Desktop/Четырнадцатая национальная конференция по искусственному интеллекту с международным участием КИИ–2014 (24. Казань, Россия) Труды конференции/2014/Панов, Швец - 2014.pdf:pdf;:C$\backslash$:/Users/sanek/Documents/Mendeley Desktop/Четырнадцатая национальная конференция по искусственному интеллекту с международным участием КИИ–2014 (24. Казань, Россия) Труды конференции/2014/Панов, Швец - 2014.doc:doc},
keywords = {14-07-31194,myconf},
language = {russian},
mendeley-tags = {14-07-31194,myconf},
pages = {323--330},
publisher = {Издательство КФУ},
title = {{Эволюционный метод покрытий для составления базы фактов ДСМ–метода}},
volume = {2},
year = {2014}
}
