Automatically generated by Mendeley Desktop 1.17.6
Any changes to this file will be lost if it is regenerated by Mendeley.

BibTeX export options can be customized via Options -> BibTeX in Mendeley Desktop

@inproceedings{Panov2015c,
abstract = {В работе представлена модель одной из когнитивных функций человека – восприятия. В качестве базового алгоритма обучения выбран один из алгоритмов предсказательной памяти – иерархическая временная память (Hierarchical temporal memory, HTM). Продемонстрирована сводимость данного алгоритма к функционированию иерархии распознающих автоматов специального вида. Приведены результаты модельных экспериментов по распознаванию серии простых изображений.},
address = {М.},
author = {Панов, А. И. and Петров, А. В.},
booktitle = {Шестая Международная конференция «Системный анализ и информационные технологии» САИТ-2015 (15-20 июня 2015 г., г. Светлогорск, Россия): Труды конференции. В 2-х т.},
file = {:C$\backslash$:/Users/sanek/Documents/Mendeley Desktop/Шестая Международная конференция «Системный анализ и информационные технологии» САИТ-2015 (15-20 июня 2015 г., г. Светлогорск, Росс. В 2-х т/2015/Панов, Петров - 2015.pdf:pdf;:C$\backslash$:/Users/sanek/Documents/Mendeley Desktop/Шестая Международная конференция «Системный анализ и информационные технологии» САИТ-2015 (15-20 июня 2015 г., г. Светлогорск, Росс. В 2-х т/2015/Панов, Петров - 2015(2).pdf:pdf;:C$\backslash$:/Users/sanek/Documents/Mendeley Desktop/Шестая Международная конференция «Системный анализ и информационные технологии» САИТ-2015 (15-20 июня 2015 г., г. Светлогорск, Росс. В 2-х т/2015/Панов, Петров - 2015.doc:doc},
keywords = {14-07-31194,15-07-06214,myconf},
language = {russian},
mendeley-tags = {14-07-31194,15-07-06214,myconf},
pages = {198--202},
publisher = {ИСА РАН},
title = {{Иерархическая временная память как модель восприятия и её автоматное представление}},
volume = {1},
year = {2015}
}
