Automatically generated by Mendeley Desktop 1.17.6
Any changes to this file will be lost if it is regenerated by Mendeley.

BibTeX export options can be customized via Options -> BibTeX in Mendeley Desktop

@inproceedings{Panov2015b,
abstract = {В статье рассматриваются особенности представления пространственных и временных знаний автономными агентами в случае их коллективного взаимодействия на примере задачи согласованного перемещения группы беспилотных летательных аппаратов. Предлагается знаковый подход к описанию знаний агента, основанный на психологической теории деятельности и биологически правдоподобной иерархической модели распознавания. В предлагаемом подходе к представлению знаний необходимым образом используются как описания действий, так и процессы обучения на основе поступающей первичной информации. Приводится пример работы предлагаемого подхода в задаче совместного преодоления препятствий группой БПЛА.},
address = {Санкт-Петербург},
author = {Панов, А. И.},
booktitle = {Второй Всероссийский научно-практический семинар ``Беспилотные транспортные средства с элементами искусственного интеллекта (БТС-ИИ-2015)'', (9 октября 2015г., г. Санкт-Петербург, Россия): Труды семинара},
file = {:C$\backslash$:/Users/sanek/Documents/Mendeley Desktop/Второй Всероссийский научно-практический семинар ``Беспилотные транспортные средства с элементами и. Санкт-Петербург, Россия) Труды семинара/2015/Панов - 2015.pdf:pdf;:C$\backslash$:/Users/sanek/Documents/Mendeley Desktop/Второй Всероссийский научно-практический семинар ``Беспилотные транспортные средства с элементами и. Санкт-Петербург, Россия) Труды семинара/2015/Панов - 2015.doc:doc},
keywords = {14-07-31194,elibrary,myconf,группа БПЛА,знак,иерархия автоматов,когнитивные процессы,представление знаний},
language = {russian},
mendeley-tags = {14-07-31194,elibrary,myconf},
pages = {74--82},
publisher = {Изд-во ``Политехника-сервис''},
title = {{Представление знаний в задачах согласованного перемещения группы БПЛА}},
year = {2015}
}
