Automatically generated by Mendeley Desktop 1.17.6
Any changes to this file will be lost if it is regenerated by Mendeley.

BibTeX export options can be customized via Options -> BibTeX in Mendeley Desktop

@inproceedings{Panov2009,
address = {Новосибирск},
author = {Панов, А. И.},
booktitle = {Материалы XLVII Международной научной студенческой конференции «Студент Физика, научно-технический прогресс»:},
keywords = {myth},
language = {russian},
mendeley-tags = {myth},
pages = {205},
publisher = {Новосиб. гос. ун-т},
title = {{Разработка программных средств семантической интеграции баз данных}},
year = {2009}
}
