Automatically generated by Mendeley Desktop 1.17.6
Any changes to this file will be lost if it is regenerated by Mendeley.

BibTeX export options can be customized via Options -> BibTeX in Mendeley Desktop

@inproceedings{Panov2012b,
address = {Белгород},
author = {Панов, А. И.},
booktitle = {Тринадцатая национальная конференция по искусственному интеллекту с международным участием КИИ–2012 (16–20 октября 2012г., г. Белгород, Россия): Труды конференции},
file = {:C$\backslash$:/Users/sanek/Documents/Mendeley Desktop/Тринадцатая национальная конференция по искусственному интеллекту с международным участием КИИ–2012 (16. Белгород, Россия) Труды конференции/2012/Панов - 2012.pdf:pdf;:C$\backslash$:/Users/sanek/Documents/Mendeley Desktop/Тринадцатая национальная конференция по искусственному интеллекту с международным участием КИИ–2012 (16. Белгород, Россия) Труды конференции/2012/Панов - 2012.doc:doc},
keywords = {12-07-00611,myconf},
language = {russian},
mendeley-tags = {12-07-00611,myconf},
pages = {301--309},
publisher = {Издательство БГТУ},
title = {{Семейства отношений в знаковой картине мира}},
volume = {1},
year = {2012}
}
