Automatically generated by Mendeley Desktop 1.17.6
Any changes to this file will be lost if it is regenerated by Mendeley.

BibTeX export options can be customized via Options -> BibTeX in Mendeley Desktop

@incollection{Panov2010a,
abstract = {В работе предлагается новый подход к обработке психологических данных, в основе которого лежат два метода интеллектуального анализа данных – метод AQ-покрытий и ДСМ-метод. На основе этого подхода реализован алгоритм, предназначенный для выявления причинно- следственных связей. Описано применение алгоритма в эксперименте и представлены его преимущества по сравнению со статистической обработкой.},
address = {М.},
author = {Панов, А. И.},
booktitle = {Экспериментальная психология в России: традиции и перспективы},
editor = {Барабанщиков, В. А.},
file = {:C$\backslash$:/Users/sanek/Documents/Mendeley Desktop/Экспериментальная психология в России традиции и перспективы/2010/Панов - 2010.pdf:pdf},
keywords = {07-06-80159,09-07-12128,AQ-покрытия,myconf,ДСМ-метод,интеллектуальный анализ данных,причинно-следственные связи},
language = {russian},
mendeley-tags = {07-06-80159,09-07-12128,myconf},
pages = {153--159},
publisher = {Институт психологии РАН},
title = {{Применение методов искусственного интеллекта в обработке психологических данных}},
year = {2010}
}
