Automatically generated by Mendeley Desktop 1.17.6
Any changes to this file will be lost if it is regenerated by Mendeley.

BibTeX export options can be customized via Options -> BibTeX in Mendeley Desktop

@inproceedings{Panov2016a,
address = {М.},
author = {Панов, А. И.},
booktitle = {Седьмая международная конференция по когнитивной науке: Тезисы докладов. Светлогорск, 20-24 июня 2016 г.},
editor = {Александрова, Ю.И. and Анохина, К.В.},
file = {:C$\backslash$:/Users/sanek/Documents/Mendeley Desktop/Седьмая международная конференция по когнитивной науке Тезисы докладов. Светлогорск, 20-24 июня 2016 г/2016/Панов - 2016.doc:doc;:C$\backslash$:/Users/sanek/Documents/Mendeley Desktop/Седьмая международная конференция по когнитивной науке Тезисы докладов. Светлогорск, 20-24 июня 2016 г/2016/Панов - 2016.pdf:pdf},
keywords = {16-37-60055,elibrary,myth},
language = {russian},
mendeley-tags = {16-37-60055,elibrary,myth},
pages = {478--480},
publisher = {Изд-во "Институт психологии РАН"},
title = {{Моделирование процесса планирования поведения в знаковой картине мира}},
year = {2016}
}
