Automatically generated by Mendeley Desktop 1.17.6
Any changes to this file will be lost if it is regenerated by Mendeley.

BibTeX export options can be customized via Options -> BibTeX in Mendeley Desktop

@inproceedings{Panov2010c,
author = {Панов, А. И.},
booktitle = {Труды XLV Всероссийской конференции по проблемам математики, информатики, физики и химии. Секция "Программные системы"},
file = {:C$\backslash$:/Users/sanek/Documents/Mendeley Desktop/Труды XLV Всероссийской конференции по проблемам математики, информатики, физики и химии. Секция Программные системы/2010/Панов - 2010.pdf:pdf},
keywords = {myth},
language = {russian},
mendeley-tags = {myth},
pages = {97},
title = {{Особенности комплексного подхода к выявлению каузальных закономерностей при интеллектуальном анализе данных}},
year = {2010}
}
