Automatically generated by Mendeley Desktop 1.17.6
Any changes to this file will be lost if it is regenerated by Mendeley.

BibTeX export options can be customized via Options -> BibTeX in Mendeley Desktop

@article{Panov2013,
abstract = {Работа посвящена совместному использованию AQ-обучения и ДСМ-метода в задаче выявления причинно-следственных связей в данных психологического тестирования. AQ-обучение применяется для построения описания группы испытуемых с помощью правил. Описание группы служит основой построения базы фактов ДСМ-метода. Для выдвижения гипотез о наличии причинно-следственных связей в базе фактов используется первый этап ДСМ-метода. Описан полный алгоритм разработанного метода, предлагаются рекомендации по его применению. Проводится сравнительный анализ результатов, полученных с помощью предложенного метода, с результатами статистической обработки.},
author = {Панов, А. И.},
file = {:C$\backslash$:/Users/sanek/Documents/Mendeley Desktop/Искусственный интеллект и принятие решений/2013/Панов - 2013.pdf:pdf;:C$\backslash$:/Users/sanek/Documents/Mendeley Desktop/Искусственный интеллект и принятие решений/2013/Панов - 2013(2).pdf:pdf;:C$\backslash$:/Users/sanek/Documents/Mendeley Desktop/Искусственный интеллект и принятие решений/2013/Панов - 2013.docx:docx},
journal = {Искусственный интеллект и принятие решений},
keywords = {10-06-00834,12-07-00611,12-07-31057,AQ-обучение,elibrary,mypub,vak,ДСМ-метод,интеллектуальный анализ данных,причинно-следственные связи,психологическое тестирование,статистический анализ данных},
language = {russian},
mendeley-tags = {10-06-00834,12-07-00611,12-07-31057,elibrary,mypub,vak},
number = {1},
pages = {24--32},
title = {{Выявление причинно-следственных связей в данных психологического тестирования логическими методами}},
year = {2013}
}
