Automatically generated by Mendeley Desktop 1.17.6
Any changes to this file will be lost if it is regenerated by Mendeley.

BibTeX export options can be customized via Options -> BibTeX in Mendeley Desktop

@inproceedings{Panov2012c,
abstract = {В работе представлена архитектура интеллектуального агента, поведение которого моделирует процесс принятия решения специалистом в некоторой предметной области. Знания агента хранятся в знаковой форме, коммуникации агентов между собой осуществляются с помощью знакового опосредования. Описывается система проведения экспериментов с такими интеллектуальными агентами, реализованная на основе мультиагентной системы Jadex. Также представлен анализ данных серии экспермиентов, проведенных в построенной системе для интеллектуальных агентов, моделирующих процесс интерпретации жалоб психологом-консультантом.},
address = {Рыбинск},
author = {Панов, А. И.},
booktitle = {Теория и практика системного анализа: Труды II Всероссийской научной конференции молодых учёных с международным участием},
file = {:C$\backslash$:/Users/sanek/Documents/Mendeley Desktop/Теория и практика системного анализа Труды II Всероссийской научной конференции молодых учёных с международным участием/2012/Панов - 2012.pdf:pdf;:C$\backslash$:/Users/sanek/Documents/Mendeley Desktop/Теория и практика системного анализа Труды II Всероссийской научной конференции молодых учёных с международным участием/2012/Панов - 2012(2).pdf:pdf;:C$\backslash$:/Users/sanek/Documents/Mendeley Desktop/Теория и практика системного анализа Труды II Всероссийской научной конференции молодых учёных с международным участием/2012/Панов - 2012.doc:doc},
keywords = {myconf},
language = {russian},
mendeley-tags = {myconf},
pages = {126--137},
publisher = {РГАТУ имени П.А. Соловьева},
title = {{Моделирование процесса принятия решения агентом со знаковой картиной мира}},
volume = {I},
year = {2012}
}
