Automatically generated by Mendeley Desktop 1.17.6
Any changes to this file will be lost if it is regenerated by Mendeley.

BibTeX export options can be customized via Options -> BibTeX in Mendeley Desktop

@inproceedings{Panov2010d,
address = {Томск},
author = {Панов, А. И. and Чудова, Н. В.},
booktitle = {Четвертая международная конференция по когнитивной науке: Тезисы докладов: В 2 т. Томск, 22-26 июня 2010 г.},
file = {:C$\backslash$:/Users/sanek/Documents/Mendeley Desktop/Четвертая международная конференция по когнитивной науке Тезисы докладов В 2 т. Томск, 22-26 июня 2010 г/2010/Панов, Чудова - 2010.pdf:pdf},
keywords = {07-06-80159,09-07-12128,myth},
language = {russian},
mendeley-tags = {07-06-80159,09-07-12128,myth},
pages = {455},
publisher = {Томский государственный университет},
title = {{Моделирование процесса образования естественных понятий методами искусственного интеллекта}},
year = {2010}
}
