Automatically generated by Mendeley Desktop 1.17.6
Any changes to this file will be lost if it is regenerated by Mendeley.

BibTeX export options can be customized via Options -> BibTeX in Mendeley Desktop

@inproceedings{Panov2015e,
abstract = {В работе строится и исследуется модель нейрофизиологических процессов, ответственных за формирование элемента картины мира субъекта деятельности – знака. Под знаком подразумевается элемент индивидуального знания, который в соответствии с культурно-историческим подходом Л.Н. Выготского и теорией деятельности А.Н. Леонтьева состоит из четырех компонент: имени, значения, образа и личностного смысла. Используется формальное определение знака, предложенное в работах Г.С. Осипова и др.},
address = {М.},
author = {Панов, А. И.},
booktitle = {Нейронауки и благополучие общества: технологические, экономические, биомедицинские и гуманитарные аспекты: Сборник материалов конференции},
file = {:C$\backslash$:/Users/sanek/Documents/Mendeley Desktop/Нейронауки и благополучие общества технологические, экономические, биомедицинские и гуманитарные аспекты Сборник материалов конференции/2015/Панов - 2015.pdf:pdf},
keywords = {15-07-06214,myth},
language = {russian},
mendeley-tags = {15-07-06214,myth},
pages = {105--106},
publisher = {РИЦ МГГУ им. М.А. Шолохова},
title = {{Моделирование нейрофизиологических процессов формирования компонент знака}},
year = {2015}
}
