Automatically generated by Mendeley Desktop 1.17.6
Any changes to this file will be lost if it is regenerated by Mendeley.

BibTeX export options can be customized via Options -> BibTeX in Mendeley Desktop

@article{Panov2016d,
abstract = {В работе исследуется задача автоматического планирования в контексте более общей проблемы создания интеллектуальных систем управления сложными техническими объектами (мобильными роботами, беспилотными транспортными средствами и др.). Основное внимание уделяется задачам, которые не могут быть решены без взаимодействия методов стратегического (символьного) и тактического (субсимвольного) планирования. В работе предлагаются оригинальные методы планирования на символьном (психологически правдоподобное планирование поведения агента) и субсимвольном (планирование траектории) уровнях. Описываются способы их взаимной увязки и возникающие прямые и обратные связи. Приводится описание применения указанных алгоритмов на модельном примере задачи коллективного перемещения в динамической среде с разрушаемыми препятствиями.},
author = {Панов, А. И. and Яковлев, К. С.},
file = {:C$\backslash$:/Users/sanek/Documents/Mendeley Desktop/Искусственный интеллект и принятие решений/2016/Панов, Яковлев - 2016.doc:doc;:C$\backslash$:/Users/sanek/Documents/Mendeley Desktop/Искусственный интеллект и принятие решений/2016/Панов, Яковлев - 2016.pdf:pdf},
journal = {Искусственный интеллект и принятие решений},
keywords = {15-37-20893,16-37-60055,A*,JPS,LIAN,mypub,vak,автоматическое планирование,знаковая картина мира,значение,интеллектуальное планирование,личностный смысл,образ,планирование,планирование поведения,планирование траектории,эвристический поиск},
language = {russian},
mendeley-tags = {15-37-20893,16-37-60055,mypub,vak},
number = {4},
pages = {68--78},
title = {{Взаимодействие стратегического и тактического планирования поведения коалиций агентов в динамической среде}},
year = {2016}
}
