Automatically generated by Mendeley Desktop 1.17.6
Any changes to this file will be lost if it is regenerated by Mendeley.

BibTeX export options can be customized via Options -> BibTeX in Mendeley Desktop

@inproceedings{PanovT2014b,
address = {Lund},
author = {Osipov, Gennady and Chudova, Natalia and Panov, A. I.},
booktitle = {Book of Abstracts. The First Conference of the International Association for Cognitive Semiotics (IACS-2014). September 25-27, 2014},
file = {:C$\backslash$:/Users/sanek/Documents/Mendeley Desktop/Book of Abstracts. The First Conference of the International Association for Cognitive Semiotics (IACS-2014). September 25-27, 2014/2014/Osipov, Chudova, Panov - 2014.pdf:pdf},
keywords = {myth},
mendeley-tags = {myth},
pages = {211},
publisher = {Lund University},
title = {{Semiotic foundations of consciousness functions}},
year = {2014}
}
