Automatically generated by Mendeley Desktop 1.17.6
Any changes to this file will be lost if it is regenerated by Mendeley.

BibTeX export options can be customized via Options -> BibTeX in Mendeley Desktop

@inproceedings{Panov2012a,
address = {Калининград},
author = {Панов, А. И. and Петров, А. В.},
booktitle = {Пятая международная конференция по когнитивной науке: Тезисы докладов: Калининград, 18-24 июня 2012 г.},
file = {:C$\backslash$:/Users/sanek/Documents/Mendeley Desktop/Пятая международная конференция по когнитивной науке Тезисы докладов Калининград, 18-24 июня 2012 г/2012/Панов, Петров - 2012.pdf:pdf;:C$\backslash$:/Users/sanek/Documents/Mendeley Desktop/Пятая международная конференция по когнитивной науке Тезисы докладов Калининград, 18-24 июня 2012 г/2012/Панов, Петров - 2012.doc:doc},
keywords = {myth},
language = {russian},
mendeley-tags = {myth},
pages = {813--815},
publisher = {Межрегиональная ассоциация когнитивных исследований (МАКИ)},
title = {{Моделирование потребностей и мотивов интеллектуального агента со знаковой картиной мира}},
year = {2012}
}
