Automatically generated by Mendeley Desktop 1.17.6
Any changes to this file will be lost if it is regenerated by Mendeley.

BibTeX export options can be customized via Options -> BibTeX in Mendeley Desktop

@inproceedings{Panov2010b,
abstract = {В данной работе предлагается новая методика выявления причинно-следственных связей в психологических данных, получаемых при проведении тестирования. Используется сочетание методов статистической обработки и методов машинного обучения, в частности ДСМ-метода и метода AQ покрытий. Предлагаются способы дополнительного анализа и визуализации полученных гипотез о причинно-следственных связях.},
address = {Рыбинск},
author = {Панов, А. И.},
booktitle = {Теория и практика системного анализа: Труды I Всероссийской научной конференции молодых учёных},
file = {:C$\backslash$:/Users/sanek/Documents/Mendeley Desktop/Теория и практика системного анализа Труды I Всероссийской научной конференции молодых учёных/2010/Панов - 2010.pdf:pdf},
keywords = {myconf},
language = {russian},
mendeley-tags = {myconf},
pages = {39--45},
publisher = {РГАТА имени П.А. Соловьева},
title = {{Методика интеллектуального анализа результатов психологического тестирования}},
volume = {I},
year = {2010}
}
