Automatically generated by Mendeley Desktop 1.17.6
Any changes to this file will be lost if it is regenerated by Mendeley.

BibTeX export options can be customized via Options -> BibTeX in Mendeley Desktop

@article{Panov2015d,
abstract = {В работе предлагается и исследуется метод извлечения причинно-следственных (каузальных) бинарных отношений из множества баз фактов. Базы фактов строятся для целевых свойств каждого класса объектов. Описание классов формируются в результате обучения на данных из слабо формализованной предметной области. Обучение проводится с использованием коэволюционного генетического алгоритма, сокращающего начальное пространство признаков. По сформированным оптимизированным описаниям классов с помощью первого этапа ДСМ-метода осуществляется поиск причинно-следственных отношений для всех целевых свойств. Предложенный метод подходит как для анализа небольшого количества полных данных, так и для работы с массивами неполных данных большого размера. Проведен ряд модельных экспериментов с использованием базы медицинских данных MIMIC II.},
author = {Панов, А. И. and Швец, А. В. and Волкова, Г. Д.},
file = {:C$\backslash$:/Users/sanek/Documents/Mendeley Desktop/Искусственный интеллект и принятие решений/2015/Панов, Швец, Волкова - 2015.pdf:pdf;:C$\backslash$:/Users/sanek/Documents/Mendeley Desktop/Искусственный интеллект и принятие решений/2015/Панов, Швец, Волкова - 2015.doc:doc;:C$\backslash$:/Users/sanek/Documents/Mendeley Desktop/Искусственный интеллект и принятие решений/2015/Панов, Швец, Волкова - 2015(2).pdf:pdf},
journal = {Искусственный интеллект и принятие решений},
keywords = {13-07-12127,14-07-31194,AQ-обучение,elibrary,mypub,vak,ДСМ-метод,генетический алгоритм,машинное обучение,причинно-следственные отношения},
language = {russian},
mendeley-tags = {13-07-12127,14-07-31194,elibrary,mypub,vak},
number = {1},
pages = {27--34},
title = {{Метод извлечения причинно-следственных связей с использованием оптимизированных баз фактов}},
year = {2015}
}
