Automatically generated by Mendeley Desktop 1.17.6
Any changes to this file will be lost if it is regenerated by Mendeley.

BibTeX export options can be customized via Options -> BibTeX in Mendeley Desktop

@article{Panov2015g,
abstract = {Рассматриваются особенности представления пространственных и временных знаний для планирования согласованного перемещения коалиции интеллектуальных агентов. В качестве примера подобной задачи рассмотрен перелет группы беспилотных летательных аппаратов в заданную область на местности с препятствиями. Рассматривается знаковый подход к описанию знаний агента, основанный на психологической теории деятельности и биологически правдоподобной иерархической модели распознавания. Особое внимание уделено описанию действий и процессам обучения на основе поступающей первичной информации.},
author = {Панов, А. И.},
file = {:C$\backslash$:/Users/sanek/Documents/Mendeley Desktop/Робототехника и техническая кибернетика/2015/Панов - 2015.docx:docx;:C$\backslash$:/Users/sanek/Documents/Mendeley Desktop/Робототехника и техническая кибернетика/2015/Панов - 2015.pdf:pdf},
journal = {Робототехника и техническая кибернетика},
keywords = {14-07-31194,elibrary,mypub,группа БПЛА,знак,иерархия автоматов,когнитивные процессы,представление знаний},
language = {russian},
mendeley-tags = {14-07-31194,elibrary,mypub},
number = {4(9)},
pages = {34--40},
title = {{Представление знаний автономных агентов, планирующих согласованные перемещения}},
year = {2015}
}
