Automatically generated by Mendeley Desktop 1.17.6
Any changes to this file will be lost if it is regenerated by Mendeley.

BibTeX export options can be customized via Options -> BibTeX in Mendeley Desktop

@phdthesis{Panov2015f,
abstract = {Построена модель компонент знака—элемента картины мира субъекта деятельности в рамках сегодняшних представлений о функционировании мозга и психики человека. Построены четыре типа операторов распознавания (два статических оператора, динамический и иерархический операторы) в терминах алгебраической теории для образной компоненты знака. Доказаны теоремы корректности линейных замыканий множеств построенных в работе операторов распознавания (статических, динамического и иерархического).},
author = {Панов, А. И.},
file = {:C$\backslash$:/Users/sanek/Documents/Mendeley Desktop/Unknown/2015/Панов - 2015.pdf:pdf;:C$\backslash$:/Users/sanek/Documents/Mendeley Desktop/Unknown/2015/Панов - 2015(2).pdf:pdf},
keywords = {14-07-31194,myth},
language = {russian},
mendeley-tags = {14-07-31194,myth},
pages = {118},
school = {Федеральное государственное бюджетное учреждение науки Институт системного анализа Российской академии наук},
title = {{Исследование методов, разработка моделей и алгоритмов формирования элементов знаковой картины мира субъекта деятельности}},
year = {2015}
}
