Automatically generated by Mendeley Desktop 1.17.6
Any changes to this file will be lost if it is regenerated by Mendeley.

BibTeX export options can be customized via Options -> BibTeX in Mendeley Desktop

@inproceedings{Panov2014a,
address = {М.},
author = {Панов, А. И.},
booktitle = {Интеллектуализация обработки информации: 10я международная конференция. Греция, о. Крит, 4–11 октября 2014 г.: Тезисы докладов.},
file = {:C$\backslash$:/Users/sanek/Documents/Mendeley Desktop/Интеллектуализация обработки информации 10я международная конференция. Греция, о. Крит, 4–11 октября 2014 г. Тезисы докладов/2014/Панов - 2014.pdf:pdf},
keywords = {14-07-31194,myth},
language = {russian},
mendeley-tags = {14-07-31194,myth},
pages = {132--133},
publisher = {Торус Пресс},
title = {{Алгебраические свойства операторов распознавания в моделях зрительного восприятия динамических сцен}},
year = {2014}
}
