Automatically generated by Mendeley Desktop 1.17.6
Any changes to this file will be lost if it is regenerated by Mendeley.

BibTeX export options can be customized via Options -> BibTeX in Mendeley Desktop

@inproceedings{Panteleev2012,
address = {Белгород},
author = {Пантелеев, М. Г.},
booktitle = {Тринадцатая национальная конференция по искусственному интеллекту с международным участием КИИ-2012 (16-20 октября 2012 г., г. Белгород, Россия): Труды конференции},
file = {:C$\backslash$:/Users/sanek/Documents/Mendeley Desktop/Тринадцатая национальная конференция по искусственному интеллекту с международным участием КИИ-2012 (16. Белгород, Россия) Труды конференции/2012/Пантелеев - 2012.pdf:pdf},
keywords = {plan},
language = {russian},
mendeley-tags = {plan},
pages = {25--33},
publisher = {Изд-во БГТУ},
title = {{Концепция построения интеллектуальных агентов реального времени на основе модели опережающего итеративного планирования}},
volume = {3},
year = {2012}
}
