Automatically generated by Mendeley Desktop 1.17.6
Any changes to this file will be lost if it is regenerated by Mendeley.

BibTeX export options can be customized via Options -> BibTeX in Mendeley Desktop

@article{Pearl1999,
author = {Greenland, Sander and Pearl, Judea and Robins, James M.},
doi = {10.1214/ss/1009211805},
file = {:C$\backslash$:/Users/sanek/Documents/Mendeley Desktop/Statistical Science/1999/Greenland, Pearl, Robins - 1999.pdf:pdf},
issn = {0883-4237},
journal = {Statistical Science},
keywords = {and phrases,bias,causation,collapsibility,con-,confounding,exchangeability,much of epidemiologic and,observational studies,odds ratio,rela-,risk assessment,s paradox,simpson,social science research,tingency tables,tive risk},
number = {1},
pages = {29--46},
title = {{Confounding and Collapsibility in Causal Inference}},
url = {http://projecteuclid.org/Dienst/getRecord?id=euclid.ss/1009211805/},
volume = {14},
year = {1999}
}
