Automatically generated by Mendeley Desktop 1.17.6
Any changes to this file will be lost if it is regenerated by Mendeley.

BibTeX export options can be customized via Options -> BibTeX in Mendeley Desktop

@article{Pechoucek2002,
author = {Pechoucek, Michal and Marik, Vladimir and Barta, Jaroslav},
file = {:C$\backslash$:/Users/sanek/Documents/Mendeley Desktop/IEEE Intelligent Systems/2002/Pechoucek, Marik, Barta - 2002.pdf:pdf},
journal = {IEEE Intelligent Systems},
number = {3},
pages = {17--25},
title = {{A Knowledge-Based Approach to Coalition Formation}},
volume = {17},
year = {2002}
}
