Automatically generated by Mendeley Desktop 1.17.6
Any changes to this file will be lost if it is regenerated by Mendeley.

BibTeX export options can be customized via Options -> BibTeX in Mendeley Desktop

@inproceedings{Petrov2012b,
author = {Петров, А. В.},
booktitle = {Труды Второй Всероссийской конференции молодых ученых с международным участием Теория и практика системного анализа (ТПСА-2012)},
file = {:C$\backslash$:/Users/sanek/Documents/Mendeley Desktop/Труды Второй Всероссийской конференции молодых ученых с международным участием Теория и практика системного анализа (ТПСА-2012)/2012/Петров - 2012.pdf:pdf},
language = {russian},
pages = {62--69},
title = {{Коалиции интеллектуальных агентов для управления роботами}},
year = {2012}
}
