Automatically generated by Mendeley Desktop 1.17.6
Any changes to this file will be lost if it is regenerated by Mendeley.

BibTeX export options can be customized via Options -> BibTeX in Mendeley Desktop

@article{Petrov2012a,
abstract = {В статье дана постановка задачи моделирования основанного на сознании поведения автономного мобильного робота. Рассмотрены основные способы представления знаний, описана новая модель представления знаний на основе семиотических сетей. Предложена архитектура системы поведения мобильного робота на основе разрабатываемой модели поведения.},
author = {Петров, А. В. and Панов, А. И.},
file = {:C$\backslash$:/Users/sanek/Documents/Mendeley Desktop/Вестник РГАТУ имени П.А. Соловьева/2012/Петров, Панов - 2012.pdf:pdf;:C$\backslash$:/Users/sanek/Documents/Mendeley Desktop/Вестник РГАТУ имени П.А. Соловьева/2012/Петров, Панов - 2012.rtf:rtf},
journal = {Вестник РГАТУ имени П.А. Соловьева},
keywords = {12-07-00611,12-07-31057,elibrary,mypub,vak,архитектура системы управелния,знаковое опосредование,когнитивные процессы,моделирование поведения,семантические сети},
language = {russian},
mendeley-tags = {12-07-00611,12-07-31057,elibrary,mypub,vak},
number = {2},
pages = {179--185},
title = {{Моделирование поведения автономного мобильного робота}},
year = {2012}
}
