Automatically generated by Mendeley Desktop 1.17.6
Any changes to this file will be lost if it is regenerated by Mendeley.

BibTeX export options can be customized via Options -> BibTeX in Mendeley Desktop

@book{Petrenko2009,
address = {М.},
author = {Петренко, В. Ф.},
file = {:C$\backslash$:/Users/sanek/Documents/Mendeley Desktop/Unknown/2009/Петренко - 2009.pdf:pdf},
isbn = {9785948811000},
keywords = {psycho},
language = {russian},
mendeley-tags = {psycho},
pages = {440},
publisher = {Новый хронограф},
title = {{Многомерное сознание: психосемантическая парадигма}},
year = {2009}
}
