Automatically generated by Mendeley Desktop 1.17.6
Any changes to this file will be lost if it is regenerated by Mendeley.

BibTeX export options can be customized via Options -> BibTeX in Mendeley Desktop

@article{Pezzulo2011,
author = {Pezzulo, Giovanni},
doi = {10.1111/j.1468-0017.2010.01411.x},
file = {:C$\backslash$:/Users/sanek/Documents/Mendeley Desktop/Mind {\&} Language/2011/Pezzulo - 2011.pdf:pdf},
issn = {02681064},
journal = {Mind {\&} Language},
number = {1},
pages = {78--114},
title = {{Grounding Procedural and Declarative Knowledge in Sensorimotor Anticipation}},
url = {http://doi.wiley.com/10.1111/j.1468-0017.2010.01411.x},
volume = {26},
year = {2011}
}
