Automatically generated by Mendeley Desktop 1.17.6
Any changes to this file will be lost if it is regenerated by Mendeley.

BibTeX export options can be customized via Options -> BibTeX in Mendeley Desktop

@article{Pfister2014,
author = {Bauer, Roman and Zubler, Frederic and Pfister, Sabina and Hauri, Andreas and Pfeiffer, Michael and Muir, Dylan R and Douglas, Rodney J},
doi = {10.1371/journal.pcbi.1003994},
file = {:C$\backslash$:/Users/sanek/Documents/Mendeley Desktop/PLOS Computational Biology/2014/Bauer et al. - 2014.pdf:pdf},
journal = {PLOS Computational Biology},
number = {12},
pages = {e1003994},
title = {{Developmental Self-Construction and -Configuration of Functional Neocortical Neuronal Networks}},
volume = {10},
year = {2014}
}
