Automatically generated by Mendeley Desktop 1.17.6
Any changes to this file will be lost if it is regenerated by Mendeley.

BibTeX export options can be customized via Options -> BibTeX in Mendeley Desktop

@book{Pierce2000b,
address = {СПб.},
author = {Пирс, Ч. С.},
file = {:C$\backslash$:/Users/sanek/Documents/Mendeley Desktop/Unknown/2000/Пирс - 2000(2).pdf:pdf},
isbn = {5893292782},
keywords = {semiotics},
language = {russian},
mendeley-tags = {semiotics},
pages = {352},
publisher = {Алетейя},
title = {{Начала прагматизма}},
translator = {Кирющенко, В. В. and Колопотина, М. В.},
volume = {II},
year = {2000}
}
