Automatically generated by Mendeley Desktop 1.17.6
Any changes to this file will be lost if it is regenerated by Mendeley.

BibTeX export options can be customized via Options -> BibTeX in Mendeley Desktop

@article{Pierce2009,
author = {Пирс, Ч. С.},
file = {:C$\backslash$:/Users/sanek/Documents/Mendeley Desktop/Вестник Томского государственного университета/2009/Пирс - 2009.pdf:pdf},
journal = {Вестник Томского государственного университета},
keywords = {semiotics},
language = {russian},
mendeley-tags = {semiotics},
number = {3},
pages = {88--95},
title = {{Что такое знак}},
translator = {Аргамакова, А. А.},
volume = {7},
year = {2009}
}
