Automatically generated by Mendeley Desktop 1.17.6
Any changes to this file will be lost if it is regenerated by Mendeley.

BibTeX export options can be customized via Options -> BibTeX in Mendeley Desktop

@article{Pietron2016,
author = {Pietron, Marcin and Wielgosz, Maciej and Wiatr, Kazimierz},
doi = {10.5220/0005706603460353},
file = {:C$\backslash$:/Users/sanek/Documents/Mendeley Desktop/Proceedings of the 8th International Conference on Agents and Artificial Intelligence/2016/Pietron, Wielgosz, Wiatr - 2016.pdf:pdf},
isbn = {978-989-758-172-4},
journal = {Proceedings of the 8th International Conference on Agents and Artificial Intelligence},
number = {Icaart},
pages = {346--353},
title = {{Parallel Implementation of Spatial Pooler in Hierarchical Temporal Memory}},
url = {http://www.scitepress.org/DigitalLibrary/Link.aspx?doi=10.5220/0005706603460353},
volume = {2},
year = {2016}
}
