Automatically generated by Mendeley Desktop 1.17.6
Any changes to this file will be lost if it is regenerated by Mendeley.

BibTeX export options can be customized via Options -> BibTeX in Mendeley Desktop

@article{Pollack1990,
author = {Pollack, Jordan B.},
doi = {10.1016/0004-3702(90)90005-K},
file = {:C$\backslash$:/Users/sanek/Documents/Mendeley Desktop/Artificial Intelligence/1990/Pollack - 1990.pdf:pdf},
issn = {00043702},
journal = {Artificial Intelligence},
number = {1-2},
pages = {77--105},
title = {{Recursive distributed representations}},
url = {http://linkinghub.elsevier.com/retrieve/pii/000437029090005K},
volume = {46},
year = {1990}
}
