Automatically generated by Mendeley Desktop 1.17.6
Any changes to this file will be lost if it is regenerated by Mendeley.

BibTeX export options can be customized via Options -> BibTeX in Mendeley Desktop

@article{Pollock1998,
author = {Pollock, John L.},
file = {:C$\backslash$:/Users/sanek/Documents/Mendeley Desktop/Artificial Intelligence/1998/Pollock - 1998.pdf:pdf},
journal = {Artificial Intelligence},
keywords = {plan},
mendeley-tags = {plan},
pages = {267--334},
title = {{The logical foundations of goal-regression planning in autonomous agents}},
volume = {106},
year = {1998}
}
