Automatically generated by Mendeley Desktop 1.17.6
Any changes to this file will be lost if it is regenerated by Mendeley.

BibTeX export options can be customized via Options -> BibTeX in Mendeley Desktop

@inproceedings{Pongaksorn2009,
author = {Pongaksorn, Prachya and Rakthanmanon, Thanawin and Waiyamai, Kitsana},
booktitle = {Proceedings of the International Conference on Quality issues, measures of interstingness and evaluation of Data minig model (QIMIE)},
editor = {Garcia, Salvador and Luengo, Julian and Herrera, Francisco},
file = {:C$\backslash$:/Users/sanek/Documents/Mendeley Desktop/Proceedings of the International Conference on Quality issues, measures of interstingness and evaluation of Data minig model (QIMIE)/2009/Pongaksorn, Rakthanmanon, Waiyamai - 2009.pdf:pdf},
keywords = {classification,continuous feature,data mining,discretization},
pages = {17--28},
publisher = {Springer-Verlag},
title = {{DCR : Discretization using Class Information to Reduce Number of Intervals}},
year = {2009}
}
