Automatically generated by Mendeley Desktop 1.17.6
Any changes to this file will be lost if it is regenerated by Mendeley.

BibTeX export options can be customized via Options -> BibTeX in Mendeley Desktop

@article{Popova2005,
author = {Попова, З. Д.},
file = {:C$\backslash$:/Users/sanek/Documents/Mendeley Desktop/Вестник ВГУ/2005/Попова - 2005.pdf:pdf},
journal = {Вестник ВГУ},
language = {russian},
number = {2},
pages = {208--216},
title = {{Знаковая ситуация в лингвосемиотике}},
year = {2005}
}
