Automatically generated by Mendeley Desktop 1.17.6
Any changes to this file will be lost if it is regenerated by Mendeley.

BibTeX export options can be customized via Options -> BibTeX in Mendeley Desktop

@article{Pospelov1996,
author = {Поспелов, Д. А.},
file = {:C$\backslash$:/Users/sanek/Documents/Mendeley Desktop/Программные продукты и системы/1996/Поспелов - 1996.pdf:pdf},
journal = {Программные продукты и системы},
language = {russian},
number = {3},
pages = {10--13},
title = {{Прикладная семиотика и искусственный интеллект}},
year = {1996}
}
