Automatically generated by Mendeley Desktop 1.17.6
Any changes to this file will be lost if it is regenerated by Mendeley.

BibTeX export options can be customized via Options -> BibTeX in Mendeley Desktop

@article{Pospelov1976,
author = {Поспелов, Д. А.},
journal = {Кибернетика},
language = {russian},
number = {6},
pages = {114--123},
title = {{Семиотические модели: успехи и перспективы}},
year = {1976}
}
