Automatically generated by Mendeley Desktop 1.17.6
Any changes to this file will be lost if it is regenerated by Mendeley.

BibTeX export options can be customized via Options -> BibTeX in Mendeley Desktop

@book{Pospelov1986,
address = {М.},
author = {Поспелов, Д. А.},
language = {russian},
pages = {288},
publisher = {Наука},
title = {{Ситуационное управление: теория и практика}},
year = {1986}
}
