Automatically generated by Mendeley Desktop 1.17.6
Any changes to this file will be lost if it is regenerated by Mendeley.

BibTeX export options can be customized via Options -> BibTeX in Mendeley Desktop

@book{Pospelov1989,
address = {М.},
author = {Поспелов, Д. А.},
file = {:C$\backslash$:/Users/sanek/Documents/Mendeley Desktop/Unknown/1989/Поспелов - 1989.pdf:pdf},
language = {russian},
pages = {184},
publisher = {Радио и связь},
title = {{Моделирование рассуждений. Опыт анализа мыслительных актов}},
year = {1989}
}
