Automatically generated by Mendeley Desktop 1.17.6
Any changes to this file will be lost if it is regenerated by Mendeley.

BibTeX export options can be customized via Options -> BibTeX in Mendeley Desktop

@inproceedings{Potapov2003,
author = {Потапов, А. А.},
booktitle = {Сб. тр. третьего расширенного семинара "Использование методов искусственного интеллекта и высокопроизводительных вычислений в аэрокосмических исследованиях" (Переславль - Залесский, 26 - 27 ноября 2003 г., ИПС РАН)},
file = {:C$\backslash$:/Users/sanek/Documents/Mendeley Desktop/Сб. тр. третьего расширенного семинара Использование методов искусственного интеллекта и высокопроизводительных вычислений в аэро., ИПС РАН)/2003/Потапов - 2003.pdf:pdf},
language = {russian},
pages = {76--90},
title = {{Фракталы в задачах искусственного интеллекта: подходы, модели, некоторые результаты}},
year = {2003}
}
