Automatically generated by Mendeley Desktop 1.17.6
Any changes to this file will be lost if it is regenerated by Mendeley.

BibTeX export options can be customized via Options -> BibTeX in Mendeley Desktop

@inproceedings{Poudade2006,
author = {Poudade, Julien and Landwerlin, Lionel and Paroubek, Patrick},
booktitle = {ECAI 2006: 17th European Conference on Artificial Intelligence},
file = {:C$\backslash$:/Users/sanek/Documents/Mendeley Desktop/ECAI 2006 17th European Conference on Artificial Intelligence/2006/Poudade, Landwerlin, Paroubek - 2006.pdf:pdf},
pages = {51--55},
title = {{Cognitive situated agents learn to name actions}},
year = {2006}
}
