Automatically generated by Mendeley Desktop 1.17.6
Any changes to this file will be lost if it is regenerated by Mendeley.

BibTeX export options can be customized via Options -> BibTeX in Mendeley Desktop

@phdthesis{Price2011a,
author = {Price, Ryan William},
file = {:C$\backslash$:/Users/sanek/Documents/Mendeley Desktop/Unknown/2011/Price - 2011.pdf:pdf;:C$\backslash$:/Users/sanek/Documents/Mendeley Desktop/Unknown/2011/Price - 2011(2).pdf:pdf},
keywords = {htm},
mendeley-tags = {htm},
pages = {115},
school = {Portland State University},
title = {{Hierarchical Temporal Memory Cortical Learning Algorithm for Pattern Recognition on Multi-core Architectures}},
year = {2011}
}
