Automatically generated by Mendeley Desktop 1.17.6
Any changes to this file will be lost if it is regenerated by Mendeley.

BibTeX export options can be customized via Options -> BibTeX in Mendeley Desktop

@article{Prinz2006,
author = {Prinz, Nwsaa and Butera, Rj},
doi = {10.1007/978-1-4614-0739-3},
editor = {Schultheiss, Nathan W. and Prinz, Astrid A. and Butera, Robert J.},
file = {:C$\backslash$:/Users/sanek/Documents/Mendeley Desktop/Springer/2006/Prinz, Butera - 2006.pdf:pdf},
isbn = {9781461407386},
issn = {9781461407386},
journal = {Springer},
pages = {33--52},
title = {{Phase Response Curves in Neuroscience}},
url = {http://scholarpedia.org/article/Phase{\_}resetting{\_}curve{\%}5Cnhttp://link.springer.com/content/pdf/10.1007/978-1-4614-0739-3.pdf},
year = {2006}
}
