Automatically generated by Mendeley Desktop 1.17.6
Any changes to this file will be lost if it is regenerated by Mendeley.

BibTeX export options can be customized via Options -> BibTeX in Mendeley Desktop

@unpublished{Project2011,
archivePrefix = {arXiv},
arxivId = {arXiv:1505.02142v1},
author = {Billaudelle, Sebastian and Ahmad, Subutai},
eprint = {arXiv:1505.02142v1},
file = {:C$\backslash$:/Users/sanek/Documents/Mendeley Desktop/Unknown/2015/Billaudelle, Ahmad - 2015.pdf:pdf},
keywords = {htm},
mendeley-tags = {htm},
pages = {1--10},
title = {{Porting HTM Models to the Heidelberg Neuromorphic Computing Platform}},
year = {2015}
}
