Automatically generated by Mendeley Desktop 1.17.6
Any changes to this file will be lost if it is regenerated by Mendeley.

BibTeX export options can be customized via Options -> BibTeX in Mendeley Desktop

@article{Pulvermuller2013,
author = {Pulverm{\"{u}}ller, Friedemann},
doi = {10.1016/j.tics.2013.06.004},
file = {:C$\backslash$:/Users/sanek/Documents/Mendeley Desktop/Trends in Cognitive Sciences/2013/Pulverm{\"{u}}ller - 2013.pdf:pdf},
issn = {13646613},
journal = {Trends in Cognitive Sciences},
number = {9},
pages = {458--470},
title = {{How neurons make meaning: brain mechanisms for embodied and abstract-symbolic semantics}},
url = {http://linkinghub.elsevier.com/retrieve/pii/S1364661313001228},
volume = {17},
year = {2013}
}
