Automatically generated by Mendeley Desktop 1.17.6
Any changes to this file will be lost if it is regenerated by Mendeley.

BibTeX export options can be customized via Options -> BibTeX in Mendeley Desktop

@article{Rabinovich2015,
author = {Rabinovich, Mikhail I. and Simmons, Alan N. and Varona, Pablo},
doi = {10.1016/j.tics.2015.06.005},
file = {:C$\backslash$:/Users/sanek/Documents/Mendeley Desktop/Trends in Cognitive Sciences/2015/Rabinovich, Simmons, Varona - 2015.pdf:pdf},
issn = {13646613},
journal = {Trends in Cognitive Sciences},
keywords = {cognitive dynamical principles,competition,functional cognitive networks,robust cognitive processing,sequential stability and winnerless,stable heteroclinic channel,transient brain dynamics},
number = {8},
pages = {453--461},
publisher = {Elsevier Ltd},
title = {{Dynamical bridge between brain and mind}},
url = {http://linkinghub.elsevier.com/retrieve/pii/S1364661315001424},
volume = {19},
year = {2015}
}
