Automatically generated by Mendeley Desktop 1.17.6
Any changes to this file will be lost if it is regenerated by Mendeley.

BibTeX export options can be customized via Options -> BibTeX in Mendeley Desktop

@article{Rafferty2015a,
author = {Rafferty, Anna N. and Brunskill, Emma and Griffiths, Thomas L. and Shafto, Patrick},
doi = {10.1111/cogs.12290},
file = {:C$\backslash$:/Users/sanek/Documents/Mendeley Desktop/Cognitive Science/2016/Rafferty et al. - 2016.pdf:pdf},
issn = {03640213},
journal = {Cognitive Science},
keywords = {automated teaching,concept learning,partially observable markov decision,process},
month = {aug},
number = {6},
pages = {1290--1332},
title = {{Faster Teaching via POMDP Planning}},
url = {http://doi.wiley.com/10.1111/cogs.12290},
volume = {40},
year = {2016}
}
