Automatically generated by Mendeley Desktop 1.17.6
Any changes to this file will be lost if it is regenerated by Mendeley.

BibTeX export options can be customized via Options -> BibTeX in Mendeley Desktop

@inproceedings{Ragni2012,
author = {Ragni, Marco and Neubert, Stefanie},
booktitle = {ECAI 2012: 20h European Conference on Artificial Intelligence: Proceedings},
doi = {10.3233/978-1-61499-098-7-666},
file = {:C$\backslash$:/Users/sanek/Documents/Mendeley Desktop/ECAI 2012 20h European Conference on Artificial Intelligence Proceedings/2012/Ragni, Neubert - 2012.pdf:pdf},
isbn = {9781614990987},
pages = {666--671},
title = {{Solving Raven's IQ-tests : An AI and Cognitive Modeling Approach}},
year = {2012}
}
