Automatically generated by Mendeley Desktop 1.17.6
Any changes to this file will be lost if it is regenerated by Mendeley.

BibTeX export options can be customized via Options -> BibTeX in Mendeley Desktop

@inproceedings{Raikov2014,
address = {М.},
author = {Райков, А. Н.},
booktitle = {XII всероссийское совещание по проблемам управления ВСПУ-2014},
file = {:C$\backslash$:/Users/sanek/Documents/Mendeley Desktop/XII всероссийское совещание по проблемам управления ВСПУ-2014/2014/Райков - 2014.pdf:pdf},
language = {russian},
pages = {4165--4170},
title = {{Топологическая семантика инсайта}},
year = {2014}
}
