Automatically generated by Mendeley Desktop 1.17.6
Any changes to this file will be lost if it is regenerated by Mendeley.

BibTeX export options can be customized via Options -> BibTeX in Mendeley Desktop

@unpublished{Raikov1995,
author = {Райков, А. Н.},
file = {:C$\backslash$:/Users/sanek/Documents/Mendeley Desktop/Unknown/2010/Райков - 2010.pdf:pdf},
language = {russian},
pages = {1--22},
title = {{Квантовая семантика}},
year = {2010}
}
