Automatically generated by Mendeley Desktop 1.17.6
Any changes to this file will be lost if it is regenerated by Mendeley.

BibTeX export options can be customized via Options -> BibTeX in Mendeley Desktop

@article{Rankooh2015,
author = {Rankooh, Masood Feyzbakhsh},
file = {:C$\backslash$:/Users/sanek/Documents/Mendeley Desktop/Journal of Artificial Intelligence Research/2015/Rankooh - 2015.pdf:pdf},
journal = {Journal of Artificial Intelligence Research},
keywords = {plan},
mendeley-tags = {plan},
pages = {541--632},
title = {{ITSAT: An Efficient SAT-Based Temporal Planner}},
volume = {53},
year = {2015}
}
