Automatically generated by Mendeley Desktop 1.17.6
Any changes to this file will be lost if it is regenerated by Mendeley.

BibTeX export options can be customized via Options -> BibTeX in Mendeley Desktop

@inproceedings{Rao2005,
author = {Rao, A. Ravishankar and Cecchi, Guillermo and Peck, Charles and Kozloski, James},
booktitle = {Proc. SPIE},
doi = {10.1117/12.585526},
editor = {Rogowitz, Bernice E. and Pappas, Thrasyvoulos N. and Daly, Scott J.},
file = {:C$\backslash$:/Users/sanek/Documents/Mendeley Desktop/Proc. SPIE/2005/Rao et al. - 2005.pdf:pdf},
issn = {0277786X},
month = {mar},
pages = {17},
title = {{A model of the formation of a self-organized cortical representation of color}},
url = {http://proceedings.spiedigitallibrary.org/proceeding.aspx?doi=10.1117/12.585526},
year = {2005}
}
