Automatically generated by Mendeley Desktop 1.17.6
Any changes to this file will be lost if it is regenerated by Mendeley.

BibTeX export options can be customized via Options -> BibTeX in Mendeley Desktop

@article{Rasmussen2011,
abstract = {Abstract Inductive reasoning is a fundamental and complex aspect of human intelligence. In particular, how do subjects, given a set of particular examples, generate general descriptions of the rules governing that set? We present a biologically plausible method ... $\backslash$n},
author = {Rasmussen, Daniel and Eliasmith, Chris},
doi = {10.1111/j.1756-8765.2010.01127.x},
file = {:C$\backslash$:/Users/sanek/Documents/Mendeley Desktop/Topics in Cognitive Science/2011/Rasmussen, Eliasmith - 2011.pdf:pdf},
issn = {17568757},
journal = {Topics in Cognitive Science},
keywords = {Cognitive modeling,Fluid intelligence,Inductive reasoning,Neural engineering framework,Raven's progressive matrices,Realistic neural modeling,Rule generation,Vector symbolic architectures},
number = {1},
pages = {140--153},
title = {{A neural model of rule generation in inductive reasoning}},
volume = {3},
year = {2011}
}
