Automatically generated by Mendeley Desktop 1.17.6
Any changes to this file will be lost if it is regenerated by Mendeley.

BibTeX export options can be customized via Options -> BibTeX in Mendeley Desktop

@inproceedings{Rasmussen1998,
author = {Rasmussen, Daniel and Eliasmith, Chris},
booktitle = {Proceedings of the 36th Annual Conference of the Cognitive Science Society},
file = {:C$\backslash$:/Users/sanek/Documents/Mendeley Desktop/Proceedings of the 36th Annual Conference of the Cognitive Science Society/2014/Rasmussen, Eliasmith - 2014.pdf:pdf},
keywords = {brain could achieve its,hierarchical,hrl into a theory,neural engineering framework,neural model,of neural function,providing a hypothe-,reinforcement learning,sis for how the,strengths in scaling},
number = {1},
pages = {1252--1257},
title = {{A neural model of hierarchical reinforcement learning}},
year = {2014}
}
