Automatically generated by Mendeley Desktop 1.17.6
Any changes to this file will be lost if it is regenerated by Mendeley.

BibTeX export options can be customized via Options -> BibTeX in Mendeley Desktop

@phdthesis{Rasmussen2014,
author = {Rasmussen, Daniel},
file = {:C$\backslash$:/Users/sanek/Documents/Mendeley Desktop/Unknown/2014/Rasmussen - 2014.pdf:pdf},
pages = {175},
school = {Unversetu of Waterloo},
title = {{Hierarchical reinforcement learning in a biologically plausible neural architecture}},
year = {2014}
}
