Automatically generated by Mendeley Desktop 1.17.6
Any changes to this file will be lost if it is regenerated by Mendeley.

BibTeX export options can be customized via Options -> BibTeX in Mendeley Desktop

@article{Rauber2002,
author = {Rauber, Andreas and Merkl, Dieter and Dittenbach, Michael},
file = {:C$\backslash$:/Users/sanek/Documents/Mendeley Desktop/IEEE Transactions on Neural Networks/2002/Rauber, Merkl, Dittenbach - 2002.pdf:pdf},
journal = {IEEE Transactions on Neural Networks},
pages = {1331--1341},
title = {{The Growing Hierarchical Self-Organizing Map: Exploratory Analysis of High-Dimensional Data}},
volume = {13},
year = {2002}
}
