Automatically generated by Mendeley Desktop 1.17.6
Any changes to this file will be lost if it is regenerated by Mendeley.

BibTeX export options can be customized via Options -> BibTeX in Mendeley Desktop

@article{Raymond1992,
author = {Raymond, J. E. and Shapiro, K. L.},
journal = {Journal of Experimental Psychology: Human Perception and Performance},
number = {18},
pages = {849--860},
title = {{Temporary suppression of visual processing in an RSVP task: an attentional blink?}},
year = {1992}
}
