Automatically generated by Mendeley Desktop 1.17.6
Any changes to this file will be lost if it is regenerated by Mendeley.

BibTeX export options can be customized via Options -> BibTeX in Mendeley Desktop

@unpublished{Redozubov2014,
author = {Редозубов, Автор А},
file = {:C$\backslash$:/Users/sanek/Documents/Mendeley Desktop/Unknown/2014/Редозубов - 2014.pdf:pdf},
keywords = {NeuroModels},
language = {russian},
mendeley-tags = {NeuroModels},
pages = {1--45},
title = {{Паттерно-волновая модель мозга. Механизмы обработки информации, организация памяти}},
year = {2014}
}
