Automatically generated by Mendeley Desktop 1.17.6
Any changes to this file will be lost if it is regenerated by Mendeley.

BibTeX export options can be customized via Options -> BibTeX in Mendeley Desktop

@article{Rensink2000,
author = {Rensink, Ronald A.},
doi = {10.1080/135062800394667},
file = {:C$\backslash$:/Users/sanek/Documents/Mendeley Desktop/Visual Cognition/2000/Rensink - 2000.pdf:pdf},
issn = {1350-6285},
journal = {Visual Cognition},
number = {1-3},
pages = {17--42},
title = {{The Dynamic Representation of Scenes}},
url = {http://www.tandfonline.com/doi/abs/10.1080/135062800394667},
volume = {7},
year = {2000}
}
