Automatically generated by Mendeley Desktop 1.17.6
Any changes to this file will be lost if it is regenerated by Mendeley.

BibTeX export options can be customized via Options -> BibTeX in Mendeley Desktop

@inproceedings{Richter2012,
author = {Richter, Mathis and Sandamirskaya, Yulia and Schoner, Gregor},
booktitle = {2012 IEEE/RSJ International Conference on Intelligent Robots and Systems (IROS)},
file = {:C$\backslash$:/Users/sanek/Documents/Mendeley Desktop/2012 IEEERSJ International Conference on Intelligent Robots and Systems (IROS)/2012/Richter, Sandamirskaya, Schoner - 2012.pdf:pdf},
keywords = {cog{\_}arch},
mendeley-tags = {cog{\_}arch},
pages = {2457--2464},
publisher = {IEEE},
title = {{A robotic action selection and behavioral organization architecture inspired by human cognition}},
year = {2012}
}
