Automatically generated by Mendeley Desktop 1.17.6
Any changes to this file will be lost if it is regenerated by Mendeley.

BibTeX export options can be customized via Options -> BibTeX in Mendeley Desktop

@article{Riesenhuber1999,
author = {Riesenhuber, Maximilian and Poggio, Tomaso},
file = {:C$\backslash$:/Users/sanek/Documents/Mendeley Desktop/Nature Neuroscience/1999/Riesenhuber, Poggio - 1999.pdf:pdf},
journal = {Nature Neuroscience},
number = {11},
pages = {1019--1025},
title = {{Hierarchical models of object recognition in cortex}},
volume = {2},
year = {1999}
}
