Automatically generated by Mendeley Desktop 1.17.6
Any changes to this file will be lost if it is regenerated by Mendeley.

BibTeX export options can be customized via Options -> BibTeX in Mendeley Desktop

@article{Rogatkin2015,
author = {Rogatkin, Dmitry A. and Kulikov, Dmitry A. and Ivlieva, Aleksandra L.},
doi = {10.13187/mai.2015.6.98},
file = {:C$\backslash$:/Users/sanek/Documents/Mendeley Desktop/Modeling of Artificial Intelligence/2015/Rogatkin, Kulikov, Ivlieva - 2015.pdf:pdf},
issn = {23120355},
journal = {Modeling of Artificial Intelligence},
keywords = {anatomy,endocrine system,ganglion,human brain,neocortex,neuroendocrinology,neuron,neuronal system,phylogeny,principle of functioning,rational activity,reflex,robot},
number = {2},
pages = {98--136},
title = {{Three Views on Current Data of Neuroscience for the Purposes of Intelligent Robotics}},
url = {http://ejournal11.com/journals{\_}n/1436699740.pdf},
volume = {6},
year = {2015}
}
