Automatically generated by Mendeley Desktop 1.17.6
Any changes to this file will be lost if it is regenerated by Mendeley.

BibTeX export options can be customized via Options -> BibTeX in Mendeley Desktop

@inproceedings{Rohrbein2007,
author = {Rohrbein, Florian and Eggert, Julian and Korner, Edgar},
booktitle = {ICCM-2007-Eighth International Conference on Cognitivy Modeling},
file = {:C$\backslash$:/Users/sanek/Documents/Mendeley Desktop/ICCM-2007-Eighth International Conference on Cognitivy Modeling/2007/Rohrbein, Eggert, Korner - 2007.pdf:pdf},
keywords = {biologically,columnar-like nodes and do,cortical column,detailed modeling of the,knowledge representation,not target at a,relational structures,single cortical column,the},
pages = {307--312},
title = {{Prototypical Relations for Cortex-Inspired Semantic Representations}},
year = {2007}
}
