Automatically generated by Mendeley Desktop 1.17.6
Any changes to this file will be lost if it is regenerated by Mendeley.

BibTeX export options can be customized via Options -> BibTeX in Mendeley Desktop

@inproceedings{Roy2014,
author = {Roy, Bc and Vosoughi, Soroush and Roy, Deb},
booktitle = {Proceedings of the 15th Annual Conference of the International Speech Communication Association},
file = {:C$\backslash$:/Users/sanek/Documents/Mendeley Desktop/Proceedings of the 15th Annual Conference of the International Speech Communication Association/2014/Roy, Vosoughi, Roy - 2014.pdf:pdf},
issn = {19909772},
keywords = {semiotics},
mendeley-tags = {semiotics},
pages = {14--18},
title = {{Grounding language models in spatiotemporal context}},
url = {http://www.media.mit.edu/cogmac/publications/RVR{\_}interspeech2014.pdf},
year = {2014}
}
