Automatically generated by Mendeley Desktop 1.17.6
Any changes to this file will be lost if it is regenerated by Mendeley.

BibTeX export options can be customized via Options -> BibTeX in Mendeley Desktop

@article{Roy2005,
author = {Roy, D.},
doi = {10.1016/j.artint.2005.04.007},
file = {:C$\backslash$:/Users/sanek/Documents/Mendeley Desktop/Artificial Intelligence/2005/Roy - 2005.pdf:pdf},
issn = {00043702},
journal = {Artificial Intelligence},
keywords = {1,action,and consequently our ability,and the physical world,cross-modal,embodied,grounding,language,language and meaning,meaning,multimodal,perception,representation,schemas,semiotic,semiotics,situated,the relationship between words,to},
mendeley-tags = {semiotics},
number = {1-2},
pages = {170--205},
title = {{Semiotic schemas: A framework for grounding language in action and perception}},
url = {http://linkinghub.elsevier.com/retrieve/pii/S0004370205001037},
volume = {167},
year = {2005}
}
