Automatically generated by Mendeley Desktop 1.17.6
Any changes to this file will be lost if it is regenerated by Mendeley.

BibTeX export options can be customized via Options -> BibTeX in Mendeley Desktop

@incollection{Rubinshtain2000,
address = {СПб.},
author = {Рубинштейн, С. Л.},
booktitle = {Основы общей психологии},
chapter = {IX},
file = {:C$\backslash$:/Users/sanek/Documents/Mendeley Desktop/Основы общей психологии/2000/Рубинштейн - 2000.pdf:pdf},
language = {russian},
publisher = {Издательство "Питер"},
title = {{Воображение}},
year = {2000}
}
