Automatically generated by Mendeley Desktop 1.17.6
Any changes to this file will be lost if it is regenerated by Mendeley.

BibTeX export options can be customized via Options -> BibTeX in Mendeley Desktop

@article{Rudakov1999,
author = {Рудаков, К. В. and Воронцов, К. В.},
file = {:C$\backslash$:/Users/sanek/Documents/Mendeley Desktop/Доклады РАН/1999/Рудаков, Воронцов - 1999.pdf:pdf},
journal = {Доклады РАН},
language = {russian},
number = {3},
pages = {314--317},
title = {{О методах оптимизации и монотонной коррекции в алгебраическом подходе к проблеме распознавания}},
volume = {367},
year = {1999}
}
