Automatically generated by Mendeley Desktop 1.17.6
Any changes to this file will be lost if it is regenerated by Mendeley.

BibTeX export options can be customized via Options -> BibTeX in Mendeley Desktop

@article{Rudakov1980,
author = {Рудаков, К. В.},
file = {:C$\backslash$:/Users/sanek/Documents/Mendeley Desktop/Журнал вычислительной матемематики и математической физики/1980/Рудаков - 1980.pdf:pdf},
journal = {Журнал вычислительной матемематики и математической физики},
language = {russian},
number = {3},
pages = {737--744},
title = {{О корректности алгоритмов распознавания типа потенциальных функций}},
volume = {20},
year = {1980}
}
