Automatically generated by Mendeley Desktop 1.17.6
Any changes to this file will be lost if it is regenerated by Mendeley.

BibTeX export options can be customized via Options -> BibTeX in Mendeley Desktop

@article{Rudakov1986,
author = {Рудаков, К. В.},
file = {:C$\backslash$:/Users/sanek/Documents/Mendeley Desktop/Журнал вычислительной матемематики и математической физики/1986/Рудаков - 1986.pdf:pdf},
journal = {Журнал вычислительной матемематики и математической физики},
language = {russian},
number = {11},
pages = {1719--1730},
title = {{О некоторых универсальных ограничениях для алгоритмов классификации}},
volume = {26},
year = {1986}
}
