Automatically generated by Mendeley Desktop 1.17.6
Any changes to this file will be lost if it is regenerated by Mendeley.

BibTeX export options can be customized via Options -> BibTeX in Mendeley Desktop

@article{Rudakov1987,
author = {Рудаков, К. В.},
file = {:C$\backslash$:/Users/sanek/Documents/Mendeley Desktop/Доклады РАН/1987/Рудаков - 1987.pdf:pdf},
journal = {Доклады РАН},
language = {russian},
number = {1},
pages = {43--46},
title = {{О симметрических и функциональных ограничениях для алгоритмов классификации}},
volume = {297},
year = {1987}
}
