Automatically generated by Mendeley Desktop 1.17.6
Any changes to this file will be lost if it is regenerated by Mendeley.

BibTeX export options can be customized via Options -> BibTeX in Mendeley Desktop

@article{Rudakov1989,
author = {Рудаков, К. В.},
file = {:C$\backslash$:/Users/sanek/Documents/Mendeley Desktop/Распознавание. Классификация. Прогноз/1989/Рудаков - 1989.pdf:pdf},
journal = {Распознавание. Классификация. Прогноз},
language = {russian},
number = {1},
pages = {176--200},
title = {{Об алгебраической теории универсальных и локальных ограничений для задач классификации}},
year = {1989}
}
