Automatically generated by Mendeley Desktop 1.17.6
Any changes to this file will be lost if it is regenerated by Mendeley.

BibTeX export options can be customized via Options -> BibTeX in Mendeley Desktop

@article{Samborska2016,
author = {Samborska, Veronika and Gordleeva, Susanna and Ullner, Ekkehard and Lebedeva, Albina and Kazantsev, Viktor and Zaikin, Alexey},
file = {:C$\backslash$:/Users/sanek/Documents/Mendeley Desktop/Opera Medica {\&} Physiologica/2016/Samborska et al. - 2016.pdf:pdf},
journal = {Opera Medica {\&} Physiologica},
keywords = {complexity,glial-neural,intelligence,network analysis,neural networks,nonlinearity,perceptron},
number = {1},
pages = {23--38},
title = {{Mammalian Brain As a Network of Networks}},
year = {2016}
}
