Automatically generated by Mendeley Desktop 1.17.6
Any changes to this file will be lost if it is regenerated by Mendeley.

BibTeX export options can be customized via Options -> BibTeX in Mendeley Desktop

@article{Samsonovich2010,
author = {Samsonovich, Alexei V.},
doi = {10.3233/978-1-60750-661-4-195},
file = {:C$\backslash$:/Users/sanek/Documents/Mendeley Desktop/Frontiers in Artificial Intelligence and Applications/2010/Samsonovich - 2010.pdf:pdf},
isbn = {9781607506607},
issn = {09226389},
journal = {Frontiers in Artificial Intelligence and Applications},
keywords = {Cognitive architectures,model and data sharing,unifying framework},
pages = {195--244},
title = {{Toward a unified catalog of implemented cognitive architectures}},
volume = {221},
year = {2010}
}
