Automatically generated by Mendeley Desktop 1.17.6
Any changes to this file will be lost if it is regenerated by Mendeley.

BibTeX export options can be customized via Options -> BibTeX in Mendeley Desktop

@article{Sanborn2010,
author = {Sanborn, Adam N. and Griffiths, Thomas L. and Shiffrin, Richard M.},
doi = {10.1016/j.cogpsych.2009.07.001},
file = {:C$\backslash$:/Users/sanek/Documents/Mendeley Desktop/Cognitive Psychology/2010/Sanborn, Griffiths, Shiffrin - 2010.pdf:pdf},
issn = {00100285},
journal = {Cognitive Psychology},
number = {2},
pages = {63--106},
publisher = {Elsevier Inc.},
title = {{Uncovering mental representations with Markov chain Monte Carlo}},
url = {http://linkinghub.elsevier.com/retrieve/pii/S0010028509000449},
volume = {60},
year = {2010}
}
