Automatically generated by Mendeley Desktop 1.17.6
Any changes to this file will be lost if it is regenerated by Mendeley.

BibTeX export options can be customized via Options -> BibTeX in Mendeley Desktop

@article{Sandholmav1997,
author = {Sandholmav, Tuomas W. and Lesser, Victor R.},
file = {:C$\backslash$:/Users/sanek/Documents/Mendeley Desktop/Artificial Intelligence/1997/Sandholmav, Lesser - 1997.pdf:pdf},
journal = {Artificial Intelligence},
keywords = {bounded rationality,coalition formation,distributed ai,game theory,multiagent systems,negotiation,resource-bounded reasoning},
number = {1-2},
pages = {99--137},
title = {{Coalitions among computationally bounded agents}},
volume = {94},
year = {1997}
}
