Automatically generated by Mendeley Desktop 1.17.6
Any changes to this file will be lost if it is regenerated by Mendeley.

BibTeX export options can be customized via Options -> BibTeX in Mendeley Desktop

@inproceedings{Sardina2006,
author = {Sardina, Sebastian and Silva, Lavindra De and Padgham, Lin},
booktitle = {Proceedings of the fifth international joint conference on Autonomous agents and multiagent systems (AAMAS'06)},
doi = {10.1145/1160633.1160813},
file = {:C$\backslash$:/Users/sanek/Documents/Mendeley Desktop/Proceedings of the fifth international joint conference on Autonomous agents and multiagent systems (AAMAS'06)/2006/Sardina, Silva, Padgham - 2006.pdf:pdf},
isbn = {1595933034},
keywords = {bdi agent-oriented programming,htn plannning},
pages = {1001--1008},
title = {{Hierarchical Planning in BDI Agent Programming Languages: A Formal Approach}},
year = {2006}
}
