Automatically generated by Mendeley Desktop 1.17.6
Any changes to this file will be lost if it is regenerated by Mendeley.

BibTeX export options can be customized via Options -> BibTeX in Mendeley Desktop

@book{Saussur1999,
address = {Екатеринбург},
author = {де Соссюр, Фердинанд},
editor = {Балли, Ш. and Сеше, А.},
file = {:C$\backslash$:/Users/sanek/Documents/Mendeley Desktop/Unknown/1999/де Соссюр - 1999.pdf:pdf},
keywords = {semiotics},
language = {russian},
mendeley-tags = {semiotics},
pages = {432},
publisher = {Изд-во Урал. ун-та},
title = {{Курс общей лингвистики}},
translator = {Сухотин, А. М.},
year = {1999}
}
