Automatically generated by Mendeley Desktop 1.17.6
Any changes to this file will be lost if it is regenerated by Mendeley.

BibTeX export options can be customized via Options -> BibTeX in Mendeley Desktop

@book{Saveliev2005,
address = {М.},
author = {Савельев, С.В.},
file = {:C$\backslash$:/Users/sanek/Documents/Mendeley Desktop/Unknown/2005/Савельев - 2005.pdf:pdf},
isbn = {5946240250},
language = {russian},
pages = {368},
publisher = {Веди},
title = {{Происхождение мозга}},
year = {2005}
}
