Automatically generated by Mendeley Desktop 1.17.6
Any changes to this file will be lost if it is regenerated by Mendeley.

BibTeX export options can be customized via Options -> BibTeX in Mendeley Desktop

@article{Schank1978,
author = {Schank, Roger C.},
doi = {10.3758/BF03205115},
file = {:C$\backslash$:/Users/sanek/Documents/Mendeley Desktop/Behavior Research Methods {\&} Instrumentation/1978/Schank - 1978.pdf:pdf},
issn = {0005-7878},
journal = {Behavior Research Methods {\&} Instrumentation},
number = {2},
pages = {132--138},
title = {{Computer understanding of natural language}},
volume = {10},
year = {1978}
}
