Automatically generated by Mendeley Desktop 1.17.6
Any changes to this file will be lost if it is regenerated by Mendeley.

BibTeX export options can be customized via Options -> BibTeX in Mendeley Desktop

@article{Seen2008,
author = {Gorder, P. F.},
file = {:C$\backslash$:/Users/sanek/Documents/Mendeley Desktop/Computing in Science and Engineering/2008/Gorder - 2008.pdf:pdf},
journal = {Computing in Science and Engineering},
title = {{Computer Vision, Inspared by the Human Brain}},
volume = {6},
year = {2008}
}
