Automatically generated by Mendeley Desktop 1.17.6
Any changes to this file will be lost if it is regenerated by Mendeley.

BibTeX export options can be customized via Options -> BibTeX in Mendeley Desktop

@techreport{Seow2005,
address = {Taipei},
author = {Seow, Kiam Tian and Sim, Kwang Mong and Kwek, Yuan Chia},
file = {:C$\backslash$:/Users/sanek/Documents/Mendeley Desktop/Unknown/2005/Seow, Sim, Kwek - 2005.pdf:pdf},
institution = {Institute of Information Science},
number = {December},
pages = {11},
title = {{Coalition Formation for Resource Co-allocation Using BDI Assignment Agents}},
year = {2005}
}
