Automatically generated by Mendeley Desktop 1.17.6
Any changes to this file will be lost if it is regenerated by Mendeley.

BibTeX export options can be customized via Options -> BibTeX in Mendeley Desktop

@article{Sergin2008,
author = {Sergin, A. V. and Sergin, V. Ya.},
journal = {Neural Network World},
number = {3},
pages = {227--244},
title = {{Model of perception: The hierarchy of inclusive sensory characteristics and top-down cascade transfer of excitation}},
volume = {18},
year = {2008}
}
