Automatically generated by Mendeley Desktop 1.17.6
Any changes to this file will be lost if it is regenerated by Mendeley.

BibTeX export options can be customized via Options -> BibTeX in Mendeley Desktop

@article{Sergin2006,
author = {Сергин, А. В.},
file = {:C$\backslash$:/Users/sanek/Documents/Mendeley Desktop/Нейроинформатика/2006/Сергин - 2006.pdf:pdf},
journal = {Нейроинформатика},
language = {russian},
number = {06},
pages = {189--195},
title = {{Компьютерная модель восприятия: иерархия объемлющих сенсорных характеристик}},
volume = {26},
year = {2006}
}
