Automatically generated by Mendeley Desktop 1.17.6
Any changes to this file will be lost if it is regenerated by Mendeley.

BibTeX export options can be customized via Options -> BibTeX in Mendeley Desktop

@article{Sergin2009,
author = {Сергин, В. Я.},
file = {:C$\backslash$:/Users/sanek/Documents/Mendeley Desktop/Успехи физиологических наук/2009/Сергин - 2009.pdf:pdf},
journal = {Успехи физиологических наук},
language = {russian},
number = {4},
pages = {42--63},
title = {{Психофизиологические механизмы восприятия: концепция объемлющих сенсорных характеристик}},
volume = {40},
year = {2009}
}
