Automatically generated by Mendeley Desktop 1.17.6
Any changes to this file will be lost if it is regenerated by Mendeley.

BibTeX export options can be customized via Options -> BibTeX in Mendeley Desktop

@article{Sergin2011,
abstract = {В статье рассматриваются нейробиологические механизмы сознания и мышления. Показано, что процессы автоотождествления в коре головного мозга могут порождать явное представление внешних и внутренних событий. Явное символьное представление сенсорных данных может порождать сенсорное осознание. Явное символьное представление результатов операционной активности мозга может порождать мысль. Если зрительное осознание – это видение внешних событий, то мысль – это видение результатов операционной активности мозга ("внутренний взор"). Явное символьное представление внутренних данных позволяет произвольно управлять ими как обособленными объектами. Произвольное управление данными возможно посредством аппарата внутреннего сенсорно-моторного повторения. Примерами произвольного управления словами, символами или образами являются вербальное и зрительное повторение. Процедура повторения обеспечивает последовательность и непрерывность процесса рассуждений, его связанность и однозначность. Развиваемая концепция дает внутренне согласованное объяснение широкого разнообразия феноменов сознательной деятельности мозга, от осознания и мысли до воображения, рефлексии, гипноза и медитации, обнаруживая единство казалось бы совершенно различных психических явлений и универсальность нейробиологических механизмов их формирования.},
author = {Сергин, В .Я.},
file = {:C$\backslash$:/Users/sanek/Documents/Mendeley Desktop/Психологический журнал Международного университета природы, общества и человека Дубна/2011/Сергин - 2011.pdf:pdf},
journal = {Психологический журнал Международного университета природы, общества и человека "Дубна"},
keywords = {consciousness,мысль,сенсорное осознание,сознательное восприяти},
language = {russian},
mendeley-tags = {consciousness},
number = {2},
pages = {7--34},
title = {{Сознание и мышление: нейробиологические механизмы}},
year = {2011}
}
