Automatically generated by Mendeley Desktop 1.17.6
Any changes to this file will be lost if it is regenerated by Mendeley.

BibTeX export options can be customized via Options -> BibTeX in Mendeley Desktop

@article{Sharaev2014,
author = {Шараев, М. Г. and Мнацаканян, Е. В.},
doi = {10.7868/S0044467714060100},
file = {:C$\backslash$:/Users/sanek/Documents/Mendeley Desktop/Журнал Высшей Нервной Деятельности Им. И. В. Павлова/2014/Шараев, Мнацаканян - 2014.pdf:pdf},
issn = {0044-4677},
journal = {Журнал Высшей Нервной Деятельности Им. И. В. Павлова},
keywords = {10,7868,bayesian modeling,doi,dynamic causal modeling,eeg,ef,erp,fective connectivity,oddball paradigm,s0044467714060100,visual stimuli},
language = {russian},
number = {6},
pages = {627--638},
title = {{Динамическое моделирование вызванного ответа на простые стимулы в зрительной оддбол-парадигме}},
url = {http://elibrary.ru/item.asp?doi=10.7868/S0044467714060100},
volume = {64},
year = {2014}
}
