Automatically generated by Mendeley Desktop 1.17.6
Any changes to this file will be lost if it is regenerated by Mendeley.

BibTeX export options can be customized via Options -> BibTeX in Mendeley Desktop

@article{Shehory1998,
author = {Shehory, Onn and Kraus, Sarit},
file = {:C$\backslash$:/Users/sanek/Documents/Mendeley Desktop/Artificial Intelligence/1998/Shehory, Kraus - 1998.pdf:pdf},
journal = {Artificial Intelligence},
pages = {165--200},
title = {{Methods for task allocation via agent coalition formation}},
volume = {101},
year = {1998}
}
