Automatically generated by Mendeley Desktop 1.17.6
Any changes to this file will be lost if it is regenerated by Mendeley.

BibTeX export options can be customized via Options -> BibTeX in Mendeley Desktop

@article{Shtovba2004,
author = {Штовба, С. Д.},
file = {:C$\backslash$:/Users/sanek/Documents/Mendeley Desktop/Математика в приложениях/2004/Штовба - 2004.pdf:pdf},
journal = {Математика в приложениях},
language = {russian},
number = {4},
pages = {70--75},
title = {{Муравьиные алгоритмы}},
year = {2004}
}
