Automatically generated by Mendeley Desktop 1.17.6
Any changes to this file will be lost if it is regenerated by Mendeley.

BibTeX export options can be customized via Options -> BibTeX in Mendeley Desktop

@unpublished{Shumsky2015b,
author = {Шумский, С. А.},
file = {:C$\backslash$:/Users/sanek/Documents/Mendeley Desktop/Unknown/2015/Шумский - 2015(2).pdf:pdf},
language = {russian},
pages = {40},
title = {{Реинжениринг архитектуры мозга: роль и взаимодействие основных подсистем}},
year = {2015}
}
