Automatically generated by Mendeley Desktop 1.17.6
Any changes to this file will be lost if it is regenerated by Mendeley.

BibTeX export options can be customized via Options -> BibTeX in Mendeley Desktop

@book{Shumtcer1974,
author = {Шмутцер, Э.},
file = {:C$\backslash$:/Users/sanek/Documents/Mendeley Desktop/Unknown/1974/Шмутцер - 1974.pdf:pdf},
language = {russian},
pages = {159},
title = {{Симметрия и законы сохранения в физике}},
year = {1974}
}
