Automatically generated by Mendeley Desktop 1.17.6
Any changes to this file will be lost if it is regenerated by Mendeley.

BibTeX export options can be customized via Options -> BibTeX in Mendeley Desktop

@article{Shushakova2002,
archivePrefix = {arXiv},
arxivId = {arXiv:math-ph/0205005},
author = {Шушакова, Анна Геннадьевна},
eprint = {0205005},
file = {:C$\backslash$:/Users/sanek/Documents/Mendeley Desktop/Программные продукты и системы/2002/Шушакова - 2002.pdf:pdf},
isbn = {13414496},
issn = {13420909},
journal = {Программные продукты и системы},
language = {russian},
number = {3},
pages = {14--19},
primaryClass = {arXiv:math-ph},
title = {{Решение задач представления и обработки знаний средствами дескриптивной логики}},
url = {http://ci.nii.ac.jp/naid/110004560434/},
year = {2002}
}
