Automatically generated by Mendeley Desktop 1.17.6
Any changes to this file will be lost if it is regenerated by Mendeley.

BibTeX export options can be customized via Options -> BibTeX in Mendeley Desktop

@article{Smirnova2011,
author = {Смирнова, А. А.},
file = {:C$\backslash$:/Users/sanek/Documents/Mendeley Desktop/Зоологический журнал/2011/Смирнова - 2011.pdf:pdf},
journal = {Зоологический журнал},
language = {russian},
number = {7},
pages = {803--810},
title = {{О способности птиц к символизации}},
volume = {90},
year = {2011}
}
