Automatically generated by Mendeley Desktop 1.17.6
Any changes to this file will be lost if it is regenerated by Mendeley.

BibTeX export options can be customized via Options -> BibTeX in Mendeley Desktop

@unpublished{Smith2015,
author = {Smith, J E},
file = {:C$\backslash$:/Users/sanek/Documents/Mendeley Desktop/Unknown/2015/Smith - 2015.pdf:pdf},
pages = {1--82},
title = {{Biologically Plausible Spiking Neural Networks}},
year = {2015}
}
