Automatically generated by Mendeley Desktop 1.17.6
Any changes to this file will be lost if it is regenerated by Mendeley.

BibTeX export options can be customized via Options -> BibTeX in Mendeley Desktop

@article{Sokolov2005,
author = {Соколов, Е. Н. and Незлина, Н. И.},
file = {:C$\backslash$:/Users/sanek/Documents/Mendeley Desktop/Журнал высшей нервной деятельности/2005/Соколов, Незлина - 2005.pdf:pdf},
issn = {00444677},
journal = {Журнал высшей нервной деятельности},
language = {russian},
number = {4},
pages = {459--471},
pmid = {16217959},
title = {{Нейродарвинизм: моделирование отбора нейронных групп}},
volume = {55},
year = {2005}
}
