Automatically generated by Mendeley Desktop 1.17.6
Any changes to this file will be lost if it is regenerated by Mendeley.

BibTeX export options can be customized via Options -> BibTeX in Mendeley Desktop

@article{Sokolov2004,
author = {Соколов, Е. Н.},
file = {:C$\backslash$:/Users/sanek/Documents/Mendeley Desktop/Психология. Журнал Высшей школы экономики/2004/Соколов - 2004.pdf:pdf},
journal = {Психология. Журнал Высшей школы экономики},
language = {russian},
number = {2},
pages = {3--15},
title = {{Нейроны сознания}},
volume = {1},
year = {2004}
}
