Automatically generated by Mendeley Desktop 1.17.6
Any changes to this file will be lost if it is regenerated by Mendeley.

BibTeX export options can be customized via Options -> BibTeX in Mendeley Desktop

@article{Sorli2005,
author = {Sorli, Amrit and Sorli, Ilaria},
file = {:C$\backslash$:/Users/sanek/Documents/Mendeley Desktop/Electonic Journal of Theoretical Physics/2005/Sorli, Sorli - 2005.pdf:pdf},
journal = {Electonic Journal of Theoretical Physics},
keywords = {conscious experience,consciousness,rational experience,time,watching the mind},
pages = {1--5},
title = {{Consciousness as a Research Tool into Space and Time}},
volume = {6},
year = {2005}
}
