Automatically generated by Mendeley Desktop 1.17.6
Any changes to this file will be lost if it is regenerated by Mendeley.

BibTeX export options can be customized via Options -> BibTeX in Mendeley Desktop

@incollection{Sowa2011,
author = {Sowa, John F},
booktitle = {Conceptual Structures for Discovering Knowledge},
editor = {Andrews, Simon and Polovina, Simon and Hill, Richard and Akhgar, Babak},
file = {:C$\backslash$:/Users/sanek/Documents/Mendeley Desktop/Conceptual Structures for Discovering Knowledge/2011/Sowa - 2011.pdf:pdf},
pages = {35--49},
publisher = {Springer Berlin Heidelberg},
series = {Lecture Notes in Computer Science},
title = {{Cognitive Architectures For Conceptual Structures}},
year = {2011}
}
