Automatically generated by Mendeley Desktop 1.17.6
Any changes to this file will be lost if it is regenerated by Mendeley.

BibTeX export options can be customized via Options -> BibTeX in Mendeley Desktop

@article{Stankevich2006,
author = {Станкевич, Л. А. and Серебряков, С. В.},
file = {:C$\backslash$:/Users/sanek/Documents/Mendeley Desktop/Труды СПИИРАН/2006/Станкевич, Серебряков - 2006.pdf:pdf},
journal = {Труды СПИИРАН},
language = {russian},
number = {3},
pages = {71--87},
title = {{Когнитивные системы и агенты}},
volume = {1},
year = {2006}
}
