Automatically generated by Mendeley Desktop 1.17.6
Any changes to this file will be lost if it is regenerated by Mendeley.

BibTeX export options can be customized via Options -> BibTeX in Mendeley Desktop

@article{Steels2006,
author = {Steels, Luc},
file = {:C$\backslash$:/Users/sanek/Documents/Mendeley Desktop/IEEE Intelligent Systems/2006/Steels - 2006.pdf:pdf},
journal = {IEEE Intelligent Systems},
pages = {32--38},
title = {{Semiotic dynamics for embodied agents}},
url = {http://ieeexplore.ieee.org/xpls/abs{\_}all.jsp?arnumber=1637348},
volume = {213},
year = {2006}
}
