Automatically generated by Mendeley Desktop 1.17.6
Any changes to this file will be lost if it is regenerated by Mendeley.

BibTeX export options can be customized via Options -> BibTeX in Mendeley Desktop

@book{Steels2012,
editor = {Steels, Luc and Hild, Manfred},
file = {:C$\backslash$:/Users/sanek/Documents/Mendeley Desktop/Unknown/2012/Unknown - 2012.pdf:pdf},
isbn = {9781461430636},
pages = {276},
publisher = {Springer US},
title = {{Language Grounding in Robots}},
year = {2012}
}
