Automatically generated by Mendeley Desktop 1.17.6
Any changes to this file will be lost if it is regenerated by Mendeley.

BibTeX export options can be customized via Options -> BibTeX in Mendeley Desktop

@book{Stefanuk2004,
address = {М.},
author = {Стефанюк, В. Л.},
file = {:C$\backslash$:/Users/sanek/Documents/Mendeley Desktop/Unknown/2004/Стефанюк - 2004.pdf:pdf},
language = {russian},
pages = {328},
publisher = {ФИЗМАТЛИТ},
title = {{Локальная организация интеллектуальных систем}},
year = {2004}
}
