Automatically generated by Mendeley Desktop 1.17.6
Any changes to this file will be lost if it is regenerated by Mendeley.

BibTeX export options can be customized via Options -> BibTeX in Mendeley Desktop

@book{SternbergR.J.ForsytheG.B.HedlundJ.HorvathJ.SnookS.WilliamsW.M.WagnerR.K.Grigorenko2000,
author = {Sternberg, R. J. and Forsythe, G. B. and Hedlund, J. and Horvath, J. and Snook, S. and Williams, W. M. and Wagner, R. K. and Grigorenko, E. L.},
pages = {304},
publisher = {Cambridge University Press},
title = {{Practical intelligence in everyday life}},
year = {2000}
}
