Automatically generated by Mendeley Desktop 1.17.6
Any changes to this file will be lost if it is regenerated by Mendeley.

BibTeX export options can be customized via Options -> BibTeX in Mendeley Desktop

@article{Subagdja2015,
author = {Subagdja, Budhitama and Tan, Ah-Hwee},
doi = {10.1016/j.neucom.2015.02.038},
file = {:C$\backslash$:/Users/sanek/Documents/Mendeley Desktop/Neurocomputing/2015/Subagdja, Tan - 2015.pdf:pdf},
issn = {09252312},
journal = {Neurocomputing},
keywords = {Adaptive resonance theory,Episodic memory,Transitive inference},
pages = {1--14},
publisher = {Elsevier},
title = {{Neural modeling of sequential inferences and learning over episodic memory}},
url = {http://linkinghub.elsevier.com/retrieve/pii/S0925231215001873},
year = {2015}
}
