Automatically generated by Mendeley Desktop 1.17.6
Any changes to this file will be lost if it is regenerated by Mendeley.

BibTeX export options can be customized via Options -> BibTeX in Mendeley Desktop

@inproceedings{Sun2009,
author = {Sun, Yunchuan},
booktitle = {2009 Fifth International Conference on Semantics, Knowledge and Grid},
doi = {10.1109/SKG.2009.56},
file = {:C$\backslash$:/Users/sanek/Documents/Mendeley Desktop/2009 Fifth International Conference on Semantics, Knowledge and Grid/2009/Sun - 2009.pdf:pdf},
isbn = {978-0-7695-3810-5},
pages = {448--449},
publisher = {Ieee},
title = {{Consistency Checking for Semantic Link Network}},
url = {http://ieeexplore.ieee.org/lpdocs/epic03/wrapper.htm?arnumber=5370496},
year = {2009}
}
