Automatically generated by Mendeley Desktop 1.17.6
Any changes to this file will be lost if it is regenerated by Mendeley.

BibTeX export options can be customized via Options -> BibTeX in Mendeley Desktop

@book{Sutkin2002,
author = {Сюткин, Владимир},
file = {:C$\backslash$:/Users/sanek/Documents/Mendeley Desktop/Unknown/2002/Сюткин - 2002.pdf:pdf},
keywords = {latex},
language = {russian},
mendeley-tags = {latex},
pages = {46},
title = {{Набор математических формул в LATEX 2e}},
year = {2002}
}
