Automatically generated by Mendeley Desktop 1.17.6
Any changes to this file will be lost if it is regenerated by Mendeley.

BibTeX export options can be customized via Options -> BibTeX in Mendeley Desktop

@article{Takac2015,
author = {Takac, Martin and Knott, Alistair and Knott, Alistair},
doi = {10.1007/s12559-015-9330-3},
file = {:C$\backslash$:/Users/sanek/Documents/Mendeley Desktop/Cognitive Computation/2015/Takac, Knott, Knott - 2015.pdf:pdf},
issn = {1866-9964},
journal = {Cognitive Computation},
keywords = {Action preparation,Language processing,Neural network modelling,Sequence learning,Working memory,modelling {\'{a}} sequence learning,network,working memory {\'{a}} neural,{\'{a}} action preparation {\'{a}}},
pages = {1--17},
publisher = {Springer US},
title = {{A Neural Network Model of Episode Representations in Working Memory}},
year = {2015}
}
