Automatically generated by Mendeley Desktop 1.17.6
Any changes to this file will be lost if it is regenerated by Mendeley.

BibTeX export options can be customized via Options -> BibTeX in Mendeley Desktop

@book{Tampra2012,
address = {Atibaia},
editor = {Cirillo, Marcello and Gerkey, Brian and Pecora, Federico and Stilman, Mike},
file = {:C$\backslash$:/Users/sanek/Documents/Mendeley Desktop/Unknown/2012/Unknown - 2012(2).pdf:pdf},
keywords = {plan},
mendeley-tags = {plan},
pages = {61},
title = {{TAMPRA'12: Proceedings of the 2012 ICAPS Workshop on Combining Task and Motion Planning for Real-World Applications}},
year = {2012}
}
