Automatically generated by Mendeley Desktop 1.17.6
Any changes to this file will be lost if it is regenerated by Mendeley.

BibTeX export options can be customized via Options -> BibTeX in Mendeley Desktop

@techreport{Tantau2013,
author = {Tantau, Till and Wright, Joseph and Miletic, Vedran},
file = {:C$\backslash$:/Users/sanek/Documents/Mendeley Desktop/Unknown/2013/Tantau, Wright, Miletic - 2013.pdf:pdf},
keywords = {latex},
mendeley-tags = {latex},
pages = {1--245},
title = {{The beamer class}},
year = {2013}
}
