Automatically generated by Mendeley Desktop 1.17.6
Any changes to this file will be lost if it is regenerated by Mendeley.

BibTeX export options can be customized via Options -> BibTeX in Mendeley Desktop

@unpublished{Tarasov2000,
author = {Тарасов, В. Б.},
file = {:C$\backslash$:/Users/sanek/Documents/Mendeley Desktop/Unknown/2000/Тарасов - 2000.pdf:pdf},
language = {russian},
pages = {45},
title = {{Агенты, многоагентные системы, виртуальные сообщества: стратегическое направление в информатике и искусственном интеллекте}},
year = {2000}
}
