Automatically generated by Mendeley Desktop 1.17.6
Any changes to this file will be lost if it is regenerated by Mendeley.

BibTeX export options can be customized via Options -> BibTeX in Mendeley Desktop

@article{Tarasov2011,
author = {Тарасов, В. Б.},
file = {:C$\backslash$:/Users/sanek/Documents/Mendeley Desktop/Вестник РГУПС/2011/Тарасов - 2011.pdf:pdf},
journal = {Вестник РГУПС},
language = {russian},
number = {3},
pages = {129--141},
title = {{От логических к диалогическим решеткам и бирешеткам: использование в теории агентов}},
year = {2011}
}
