Automatically generated by Mendeley Desktop 1.17.6
Any changes to this file will be lost if it is regenerated by Mendeley.

BibTeX export options can be customized via Options -> BibTeX in Mendeley Desktop

@inproceedings{Tarasov2016,
author = {Тарасов, В. Б.},
file = {:C$\backslash$:/Users/sanek/Documents/Mendeley Desktop/Unknown/2016/Тарасов - 2016.pdf:pdf},
language = {russian},
pages = {94--114},
title = {{От спецификации когнитонов и инженерии интенций к обобщенной архитектуре деятельности агентов}},
year = {2016}
}
