Automatically generated by Mendeley Desktop 1.17.6
Any changes to this file will be lost if it is regenerated by Mendeley.

BibTeX export options can be customized via Options -> BibTeX in Mendeley Desktop

@article{Tarasov1998,
author = {Тарасов, В. Б.},
file = {:C$\backslash$:/Users/sanek/Documents/Mendeley Desktop/Новости искусственного интеллекта/1998/Тарасов - 1998.pdf:pdf},
journal = {Новости искусственного интеллекта},
language = {russian},
number = {3},
pages = {86--100},
title = {{Моделирование психических образов : как совместить дискретное и непрерывное ?}},
year = {1998}
}
