Automatically generated by Mendeley Desktop 1.17.6
Any changes to this file will be lost if it is regenerated by Mendeley.

BibTeX export options can be customized via Options -> BibTeX in Mendeley Desktop

@incollection{Taylor,
author = {Taylor, Neill R. and Panchev, Christo and Hartley, Matthew and Kasderidis, Stathis and Taylor, John G.},
booktitle = {Artificial Neural Networks - ICANN 2006},
editor = {Kollias, Stefanos D. and Stafylopatis, Andreas and Duch, W{\l}odzis{\l}aw and Oja, Erkki},
file = {:C$\backslash$:/Users/sanek/Documents/Mendeley Desktop/Artificial Neural Networks - ICANN 2006/2006/Taylor et al. - 2006.pdf:pdf},
pages = {592--601},
publisher = {Springer-Verlag},
title = {{Occlusion , Attention and Object Representations}},
year = {2006}
}
