Automatically generated by Mendeley Desktop 1.17.6
Any changes to this file will be lost if it is regenerated by Mendeley.

BibTeX export options can be customized via Options -> BibTeX in Mendeley Desktop

@article{Taylor1996,
author = {Taylor, John G.},
file = {:C$\backslash$:/Users/sanek/Documents/Mendeley Desktop/Neurocomputing/1996/Taylor - 1996.pdf:pdf},
journal = {Neurocomputing},
pages = {271--292},
title = {{Modelling Consciousness}},
volume = {11},
year = {1996}
}
