Automatically generated by Mendeley Desktop 1.17.6
Any changes to this file will be lost if it is regenerated by Mendeley.

BibTeX export options can be customized via Options -> BibTeX in Mendeley Desktop

@inproceedings{Teo,
author = {Teo, Ching L. and Myers, Austin and Ferm, Cornelia and Aloimonos, Yiannis},
booktitle = {IEEE International Conference on Robotics and Automation (ICRA)},
file = {:C$\backslash$:/Users/sanek/Documents/Mendeley Desktop/IEEE International Conference on Robotics and Automation (ICRA)/2013/Teo et al. - 2013.pdf:pdf},
pages = {126--132},
title = {{Embedding High-Level Information into Low Level Vision: Efficient Object Search in Clutter}},
year = {2013}
}
