Automatically generated by Mendeley Desktop 1.17.6
Any changes to this file will be lost if it is regenerated by Mendeley.

BibTeX export options can be customized via Options -> BibTeX in Mendeley Desktop

@article{Thilakarathne2015,
author = {Thilakarathne, Dilhan J.},
doi = {10.1016/j.bica.2015.04.010},
file = {:C$\backslash$:/Users/sanek/Documents/Mendeley Desktop/Biologically Inspired Cognitive Architectures/2015/Thilakarathne - 2015(2).pdf:pdf},
issn = {2212683X},
journal = {Biologically Inspired Cognitive Architectures},
keywords = {prior and retrospective,situation awareness},
publisher = {Elsevier B.V.},
title = {{Modelling of situation awareness with perception, attention, and prior and retrospective awareness}},
url = {http://linkinghub.elsevier.com/retrieve/pii/S2212683X15000195},
year = {2015}
}
