Automatically generated by Mendeley Desktop 1.17.6
Any changes to this file will be lost if it is regenerated by Mendeley.

BibTeX export options can be customized via Options -> BibTeX in Mendeley Desktop

@article{Thomason2016,
author = {Thomason, Jesse and Sinapov, Jivko and Svetlik, Maxwell and Stone, Peter and Mooney, Raymond J},
file = {:C$\backslash$:/Users/sanek/Documents/Mendeley Desktop/International Joint Conference on Artificial Intelligence (IJCAI)/2016/Thomason et al. - 2016.pdf:pdf},
journal = {International Joint Conference on Artificial Intelligence (IJCAI)},
keywords = {Robotics and Vision},
pages = {3477--3483},
title = {{Learning Multi-Modal Grounded Linguistic Semantics by Playing “ I Spy ”}},
year = {2016}
}
