Automatically generated by Mendeley Desktop 1.17.6
Any changes to this file will be lost if it is regenerated by Mendeley.

BibTeX export options can be customized via Options -> BibTeX in Mendeley Desktop

@book{Tikhomirov1988,
address = {M.},
author = {Tikhomirov, O. K.},
keywords = {psycho},
mendeley-tags = {psycho},
pages = {272},
publisher = {Progress},
title = {{Psychology of thinking}},
year = {1988}
}
