Automatically generated by Mendeley Desktop 1.17.6
Any changes to this file will be lost if it is regenerated by Mendeley.

BibTeX export options can be customized via Options -> BibTeX in Mendeley Desktop

@book{Tikhomirov2002,
address = {М.},
author = {Тихомиров, О. К.},
file = {:C$\backslash$:/Users/sanek/Documents/Mendeley Desktop/Unknown/1984/Тихомиров - 1984.pdf:pdf},
language = {russian},
pages = {272},
publisher = {Изд-во Моск. ун-та},
title = {{Психология мышления: Учебное пособие}},
year = {1984}
}
