Automatically generated by Mendeley Desktop 1.17.6
Any changes to this file will be lost if it is regenerated by Mendeley.

BibTeX export options can be customized via Options -> BibTeX in Mendeley Desktop

@article{Tkacheva2010,
author = {Ткачева, Л. О.},
file = {:C$\backslash$:/Users/sanek/Documents/Mendeley Desktop/Вестник СПбГУ/2010/Ткачева - 2010.pdf:pdf},
journal = {Вестник СПбГУ},
keywords = {psycho},
language = {russian},
mendeley-tags = {psycho},
number = {2},
pages = {378--387},
title = {{Воздействие фрактальных динамических изображений на функциональное состояние человека}},
volume = {12},
year = {2010}
}
