Automatically generated by Mendeley Desktop 1.17.6
Any changes to this file will be lost if it is regenerated by Mendeley.

BibTeX export options can be customized via Options -> BibTeX in Mendeley Desktop

@article{Tkacheva2011,
author = {Горбунов, И. А. and Ткачева, Л. О.},
file = {:C$\backslash$:/Users/sanek/Documents/Mendeley Desktop/Вестник СПбГУ/2011/Горбунов, Ткачева - 2011.pdf:pdf},
journal = {Вестник СПбГУ},
keywords = {psycho},
language = {russian},
mendeley-tags = {psycho},
number = {1},
pages = {324--329},
title = {{Связь семантических характеристик сознаний с изменениями функционального состояния мозга}},
volume = {12},
year = {2011}
}
