Automatically generated by Mendeley Desktop 1.17.6
Any changes to this file will be lost if it is regenerated by Mendeley.

BibTeX export options can be customized via Options -> BibTeX in Mendeley Desktop

@article{To2015,
author = {To, Son Thanh and Son, Tran Cao and Pontelli, Enrico},
doi = {10.1016/j.artint.2015.06.001},
file = {:C$\backslash$:/Users/sanek/Documents/Mendeley Desktop/Artificial Intelligence/2015/To, Son, Pontelli - 2015.pdf:pdf},
issn = {00043702},
journal = {Artificial Intelligence},
keywords = {plan,planning with incomplete information},
mendeley-tags = {plan},
pages = {1--51},
publisher = {Elsevier B.V.},
title = {{A generic approach to planning in the presence of incomplete information: Theory and implementation}},
url = {http://linkinghub.elsevier.com/retrieve/pii/S0004370215000855},
volume = {227},
year = {2015}
}
