Automatically generated by Mendeley Desktop 1.17.13
Any changes to this file will be lost if it is regenerated by Mendeley.

BibTeX export options can be customized via Options -> BibTeX in Mendeley Desktop

@article{2017a,
abstract = {Системы комического наблюдения являются важным источником информации, необ- ходимой для оперативного решения широкого круга задач гражданского и военного назначе- ния. Эффективность функционирования таких систем зависит от многих факторов. Наряду с множеством технических, информационных, технологических, инфраструктурных, эконо- мических и других факторов, их эффективность в значительной степени зависит от качест- ва планирования миссий космических аппаратов и управления в реальном времени процессом исполнения миссии. В работе сформулирована проблема построения самоорганизующейся системы группового управления поведением кластера малых спутников, реализующего авто- номное исполнение заявок на сервис по добыванию информации о наземных объектах средст- вами космического наблюдения. В ней предлагается новая концепция группового управления в системе космического наблюдения. В основу этой концепции положен принцип самоорганиза- ции группового поведения кластера спутников. Такая система управления оказывается в со- стоянии реализовать автономное планирование и оперативное управления космической груп- пировкой, в которой все базовые функции процесса управления реализуются ее бортовыми средствами. Теоретический фундамент этой концепции строится на моделях коллективной робототехники, которые в настоящее время активно развиваются в области многоагент- ных систем. В работе приведен краткий обзор современного состояния исследований в об- ласти систем управления кластерами малых спутников, дана достаточно общая постановка задачи, в которой кластер малых спутников рассматривается как полностью автономная система, предназначенная для выполнения заказов на сбор и доставку космической информа- ции о наземных объектах. При этом полагается, что система управления самостоятельно в реальном времени распределяет задачи наблюдения на множестве спутников группировки, планирует и составляет расписание выполнения наблюдений в соответствии с пространст- венно-временными требованиями заказчика, выполняет оперативное управление распреде- ленным исполнением построенного расписания и выполняет коррекцию распределения задач и расписания их выполнения при возникновении нештатных ситуаций. В работе дано деталь- ное описание разработанной концепции самоорганизующейся системы группового управления кластером малых спутников, и архитектуры ее программной реализации.},
author = {Городецкий, В. И. and Карасев, О. В.},
doi = {10.18522/2311-3103-2017-1-234247},
file = {:C$\backslash$:/Users/sanek/Documents/Mendeley Desktop/Городецкий, Карасев/2017/Самоорганизация группового поведения кластера малых спутников распределенной системы наблюдения.pdf:pdf},
issn = {23113103},
journal = {Известия ЮФУ. Технические науки},
keywords = {Малый спутник,автономная миссия,блюдения,динамическая коммуникационная сеть.,задача наблюдения,коллективное поведение,парное взаимо- действие спутников,распределенная система на-,ресурсы спутника,самоорганизация},
language = {russian},
month = {jan},
number = {2},
pages = {234--247},
title = {{Самоорганизация группового поведения кластера малых спутников распределенной системы наблюдения}},
url = {http://izv-tn.tti.sfedu.ru/wp-content/uploads/2017/1/19.pdf},
volume = {187},
year = {2017}
}
@article{Gorodetsky2007,
abstract = {Данная работа представляет реализованную авторами P2P агентскую плат- форму, экземпляры которой, установленные в узлах сети поверх стандартного P2P серви- са, образуют распределенную базу знаний, предназначенную для организации семантическо- го P2P взаимодействия агентов. Прикладные агенты, в свою очередь, устанавливаются в узлах сети поверх экземпляров агентской платформы. В основу разработки положены функциональная архитектура, разработанная рабочей группой FIPA в качестве предложе- ния для последующей программной реализации и стандартизации. Разработанная про- граммная реализация платформы поддерживается также механизмом парных взаимодейст- вий агентов на основе сообщений разработанных форматов, а также парных коммуникаций узлов сети. Такой механизмом парных взаимодействий агентов также разработан автора- ми. Роль, функции и существо процессов функционирования этой платформы поясняется на примерах двух приложений, которые сами по себе являются достаточно важными с практи- ческой точки зрения. Эти же приложения использованы для верификации основных решений, предложенных в работе.},
author = {Городецкий, В. И. and Карсаев, О. В. and Самойлов, В. В. and Серебряков, С. В.},
file = {:C$\backslash$:/Users/sanek/Documents/Mendeley Desktop/Городецкий et al/2007/Открытые сети агентов.pdf:pdf},
journal = {Труды СПИИРАН},
language = {russian},
number = {4},
pages = {11--35},
title = {{Открытые сети агентов}},
year = {2007}
}
@article{Gorodetsky2009,
abstract = {В работе рассматривается технология построения прикладных систем группового управления, со- стоящих из большого числа автономных подсистем, организованных в сеть, узлы которой могут работать под управлением различных операционных систем и в различных коммуникационных средах. Технология интегрирует подходы распределенного принятия решений, многоагентных систем, ориентированной на сервис архитектуры и вычислений на основе парных взаимодействий. Технология поддерживается инструментальными средствами, ко- торые обеспечивают эффективную разработку агентов и механизмов их взаимодействия. Приводятся примеры использования технологии в ряде приложений, в частности, для автономного управления воздушным движением в районе аэропорта.},
author = {Городецкий, В. И. and Карсаев, О. В. and Самойлов, В. В. and Серебряков, С. В.},
file = {:C$\backslash$:/Users/sanek/Documents/Mendeley Desktop/Городецкий et al/2009/Прикладные многоагентные системы группового управления.pdf:pdf},
journal = {Искусственный интеллект и принятие решений},
language = {russian},
number = {2},
pages = {3--24},
title = {{Прикладные многоагентные системы группового управления}},
year = {2009}
}
@article{Hayes2016b,
abstract = {Collaboration between humans and robots requires solutions to an array of challenging problems, including multi-agent planning, state estimation, and goal inference. There already exist feasible solutions for many of these challenges, but they depend upon having rich task models. In this work we detail a novel type of Hierarchical Task Network we call a Clique/Chain HTN (CC-HTN), alongside an algorithm for autonomously constructing them from topological properties derived from graphical task representations. As the presented method relies on the structure of the task itself, our work imposes no particular type of symbolic insight into motor primitives or environmental representation, making it applicable to a wide variety of use cases critical to human-robot interaction. We present evaluations within a multi-resolution goal inference task and a transfer learning application showing the utility of our approach.},
author = {Hayes, Bradley and Scassellati, Brian},
doi = {10.1109/ICRA.2016.7487760},
file = {:C$\backslash$:/Users/sanek/Documents/Mendeley Desktop/Hayes, Scassellati/2016/Autonomously constructing hierarchical task networks for planning and human-robot collaboration.pdf:pdf},
isbn = {9781467380263},
issn = {10504729},
journal = {Proceedings - IEEE International Conference on Robotics and Automation},
pages = {5469--5476},
title = {{Autonomously constructing hierarchical task networks for planning and human-robot collaboration}},
volume = {2016-June},
year = {2016}
}
