Automatically generated by Mendeley Desktop 1.17.6
Any changes to this file will be lost if it is regenerated by Mendeley.

BibTeX export options can be customized via Options -> BibTeX in Mendeley Desktop

@article{Treur2016,
author = {Treur, Jan},
doi = {10.1016/j.bica.2016.02.002},
file = {:C$\backslash$:/Users/sanek/Documents/Mendeley Desktop/Biologically Inspired Cognitive Architectures/2016/Treur - 2016.pdf:pdf},
issn = {2212683X},
journal = {Biologically Inspired Cognitive Architectures},
pages = {131--168},
publisher = {Elsevier B.V.},
title = {{Dynamic modeling based on a temporalâ€“causal network modeling approach}},
url = {http://linkinghub.elsevier.com/retrieve/pii/S2212683X16300147},
volume = {16},
year = {2016}
}
