Automatically generated by Mendeley Desktop 1.17.6
Any changes to this file will be lost if it is regenerated by Mendeley.

BibTeX export options can be customized via Options -> BibTeX in Mendeley Desktop

@article{Triesman1980,
author = {Triesman, A. M. and Gelade, G.},
journal = {Cognitive Psyhology},
pages = {97--136},
title = {{A Feature Integration Theory of Attention}},
volume = {12},
year = {1980}
}
