Automatically generated by Mendeley Desktop 1.17.6
Any changes to this file will be lost if it is regenerated by Mendeley.

BibTeX export options can be customized via Options -> BibTeX in Mendeley Desktop

@inproceedings{Trijp2012,
author = {van Trijp, Remi},
booktitle = {ECAI 2012: 20h European Conference on Artificial Intelligence: Proceedings},
doi = {10.3233/978-1-61499-098-7-798},
file = {:C$\backslash$:/Users/sanek/Documents/Mendeley Desktop/ECAI 2012 20h European Conference on Artificial Intelligence Proceedings/2012/Trijp - 2012.pdf:pdf},
isbn = {9781614990987},
pages = {798--803},
title = {{Self-Assessing Agents for Explaining Language Change: A Case Study in German}},
year = {2012}
}
