Automatically generated by Mendeley Desktop 1.17.6
Any changes to this file will be lost if it is regenerated by Mendeley.

BibTeX export options can be customized via Options -> BibTeX in Mendeley Desktop

@book{Vagin1988,
address = {М.},
author = {Вагин, В. Н.},
file = {:C$\backslash$:/Users/sanek/Documents/Mendeley Desktop/Unknown/1988/Вагин - 1988.pdf:pdf},
language = {russian},
pages = {384},
publisher = {Наука},
title = {{Дедукция и обобщения в системах принятия решений}},
year = {1988}
}
