Automatically generated by Mendeley Desktop 1.17.6
Any changes to this file will be lost if it is regenerated by Mendeley.

BibTeX export options can be customized via Options -> BibTeX in Mendeley Desktop

@article{Vannini2007,
author = {Vannini, Antonella},
file = {:C$\backslash$:/Users/sanek/Documents/Mendeley Desktop/Syntropy/2007/Vannini - 2007.pdf:pdf},
journal = {Syntropy},
number = {1},
pages = {130--146},
title = {{Quantum Models of Consciousness}},
year = {2007}
}
