Automatically generated by Mendeley Desktop 1.17.6
Any changes to this file will be lost if it is regenerated by Mendeley.

BibTeX export options can be customized via Options -> BibTeX in Mendeley Desktop

@book{Varshavsky1973,
address = {М.},
author = {Варшавский, В. И.},
file = {:C$\backslash$:/Users/sanek/Documents/Mendeley Desktop/Unknown/1973/Варшавский - 1973.pdf:pdf},
language = {russian},
pages = {408},
publisher = {Наука},
title = {{Коллективное поведение автоматов}},
year = {1973}
}
