Automatically generated by Mendeley Desktop 1.17.6
Any changes to this file will be lost if it is regenerated by Mendeley.

BibTeX export options can be customized via Options -> BibTeX in Mendeley Desktop

@article{Vartanov2011,
author = {Вартанов, А. В.},
file = {:C$\backslash$:/Users/sanek/Documents/Mendeley Desktop/Нейрокомпьютеры разработка, применение/2011/Вартанов - 2011.pdf:pdf},
journal = {Нейрокомпьютеры: разработка, применение},
keywords = {coding,consciousness,meaning,semantics,sign},
language = {russian},
number = {12},
pages = {54--64},
title = {{Механизмы семантики: человек - нейрон - модель}},
year = {2011}
}
