Automatically generated by Mendeley Desktop 1.17.6
Any changes to this file will be lost if it is regenerated by Mendeley.

BibTeX export options can be customized via Options -> BibTeX in Mendeley Desktop

@article{Vassileva2002,
author = {Vassileva, Julita and Breban, Silvia and Horsch, Michael},
doi = {10.1111/1467-8640.t01-1-00205},
file = {:C$\backslash$:/Users/sanek/Documents/Mendeley Desktop/Computational Intelligence/2002/Vassileva, Breban, Horsch - 2002.pdf:pdf},
issn = {0824-7935},
journal = {Computational Intelligence},
keywords = {agent decision making,agent trust model,evaluation,long-term agent coalitions},
number = {4},
pages = {583--595},
title = {{Agent Reasoning Mechanism for Long-Term Coalitions Based on Decision Making and Trust}},
url = {http://doi.wiley.com/10.1111/1467-8640.t01-1-00205},
volume = {18},
year = {2002}
}
