Automatically generated by Mendeley Desktop 1.17.6
Any changes to this file will be lost if it is regenerated by Mendeley.

BibTeX export options can be customized via Options -> BibTeX in Mendeley Desktop

@article{Vavrecka2014,
author = {Vavre{\v{c}}ka, Michal and Farka{\v{s}}, Igor},
doi = {10.1007/s12559-013-9212-5},
file = {:C$\backslash$:/Users/sanek/Documents/Mendeley Desktop/Cognitive Computation/2014/Vavre{\v{c}}ka, Farka{\v{s}} - 2014.pdf:pdf},
issn = {18669956},
journal = {Cognitive Computation},
keywords = {Multimodal representations,Self-organizing map,Spatial phrases,Symbol grounding,Unsupervised learning},
number = {1},
pages = {101--112},
title = {{A Multimodal Connectionist Architecture for Unsupervised Grounding of Spatial Language}},
volume = {6},
year = {2014}
}
