Automatically generated by Mendeley Desktop 1.17.6
Any changes to this file will be lost if it is regenerated by Mendeley.

BibTeX export options can be customized via Options -> BibTeX in Mendeley Desktop

@book{Velichkovsky2006a,
address = {М.},
author = {Величковский, Б. М.},
file = {:C$\backslash$:/Users/sanek/Documents/Mendeley Desktop/Unknown/2006/Величковский - 2006.pdf:pdf},
isbn = {5893572173},
keywords = {psycho},
language = {russian},
mendeley-tags = {psycho},
pages = {448},
publisher = {Смысл},
title = {{Когнитивная наука: Основы психологии познания: в 2 т.}},
volume = {1},
year = {2006}
}
