Automatically generated by Mendeley Desktop 1.17.6
Any changes to this file will be lost if it is regenerated by Mendeley.

BibTeX export options can be customized via Options -> BibTeX in Mendeley Desktop

@incollection{Verenikina,
author = {Verenikina, I. and Gould, E.},
booktitle = {Information Systems and Activity Theory: Tools in Context},
editor = {Hasan, H. and Gould, E. and Hyland, P.},
pages = {7--18},
publisher = {Wollongong University Press},
title = {{Cultural-Historical Psychology and Activity Theory}},
year = {1998}
}
