Automatically generated by Mendeley Desktop 1.17.6
Any changes to this file will be lost if it is regenerated by Mendeley.

BibTeX export options can be customized via Options -> BibTeX in Mendeley Desktop

@article{Vershik2004,
author = {Вершик, А. М.},
file = {:C$\backslash$:/Users/sanek/Documents/Mendeley Desktop/Записки научного семинара ПОМИ/2004/Вершик - 2004.pdf:pdf},
journal = {Записки научного семинара ПОМИ},
keywords = {math},
language = {russian},
mendeley-tags = {math},
pages = {69--85},
title = {{Метрика Канторовича: начальная история и малоизвестные применения}},
volume = {312},
year = {2004}
}
