Automatically generated by Mendeley Desktop 1.17.6
Any changes to this file will be lost if it is regenerated by Mendeley.

BibTeX export options can be customized via Options -> BibTeX in Mendeley Desktop

@article{Vig2007,
author = {Vig, Lovekesh and Adams, Julie a.},
doi = {10.1007/s10846-007-9150-0},
file = {:C$\backslash$:/Users/sanek/Documents/Mendeley Desktop/Journal of Intelligent and Robotic Systems/2007/Vig, Adams - 2007.pdf:pdf},
issn = {0921-0296},
journal = {Journal of Intelligent and Robotic Systems},
number = {1},
pages = {85--118},
title = {{Coalition Formation: From Software Agents to Robots}},
url = {http://link.springer.com/10.1007/s10846-007-9150-0},
volume = {50},
year = {2007}
}
