Automatically generated by Mendeley Desktop 1.17.6
Any changes to this file will be lost if it is regenerated by Mendeley.

BibTeX export options can be customized via Options -> BibTeX in Mendeley Desktop

@article{Vig2006,
author = {Vig, Lovekesh and Adams, Julie A and Member, Senior},
file = {:C$\backslash$:/Users/sanek/Documents/Mendeley Desktop/IEEE Transactions on Robotics/2006/Vig, Adams, Member - 2006.pdf:pdf},
journal = {IEEE Transactions on Robotics},
number = {4},
pages = {637--649},
title = {{Multi-Robot Coalition Formation}},
volume = {22},
year = {2006}
}
