Automatically generated by Mendeley Desktop 1.17.6
Any changes to this file will be lost if it is regenerated by Mendeley.

BibTeX export options can be customized via Options -> BibTeX in Mendeley Desktop

@book{Vigner1961,
address = {М.},
author = {Вигнер, Е.},
file = {:C$\backslash$:/Users/sanek/Documents/Mendeley Desktop/Unknown/1961/Вигнер - 1961.pdf:pdf},
language = {russian},
pages = {444},
publisher = {Издательство иностранной литературы},
title = {{Теория групп и её приложения к квантовомеханической теории атомных спектров}},
year = {1961}
}
