Automatically generated by Mendeley Desktop 1.17.6
Any changes to this file will be lost if it is regenerated by Mendeley.

BibTeX export options can be customized via Options -> BibTeX in Mendeley Desktop

@phdthesis{Vilalta1998,
author = {Vilalta, Ricardo},
file = {:C$\backslash$:/Users/sanek/Documents/Mendeley Desktop/Unknown/1998/Vilalta - 1998.pdf:pdf},
pages = {194},
school = {University of Illinois},
title = {{On the Development of Inductive Learning Algorithms: Generating Flexible and Adaptable Concept Representations}},
year = {1998}
}
