Automatically generated by Mendeley Desktop 1.17.6
Any changes to this file will be lost if it is regenerated by Mendeley.

BibTeX export options can be customized via Options -> BibTeX in Mendeley Desktop

@book{Vityaev2006,
address = {Новосибирск},
author = {Витяев, Е. Е.},
file = {:C$\backslash$:/Users/sanek/Documents/Mendeley Desktop/Unknown/2006/Витяев - 2006.pdf:pdf},
language = {russian},
pages = {293},
publisher = {Новосиб. гос. ун-т},
title = {{Извлечение знаний из данных. Компьютерное познание. Модели когнитивных процессов: Монография}},
year = {2006}
}
