Automatically generated by Mendeley Desktop 1.17.6
Any changes to this file will be lost if it is regenerated by Mendeley.

BibTeX export options can be customized via Options -> BibTeX in Mendeley Desktop

@incollection{Vityaev1997,
address = {Новосибирск},
author = {Витяев, Е. Е.},
booktitle = {Модели когнитивных процессов},
file = {:C$\backslash$:/Users/sanek/Documents/Mendeley Desktop/Модели когнитивных процессов/1997/Витяев - 1997.pdf:pdf},
language = {russian},
pages = {9--52},
publisher = {Институт математики им. С.Л. Соболев},
series = {Вычислительные системы},
title = {{Целеполагание как принцип работы мозга}},
year = {1997}
}
