Automatically generated by Mendeley Desktop 1.17.6
Any changes to this file will be lost if it is regenerated by Mendeley.

BibTeX export options can be customized via Options -> BibTeX in Mendeley Desktop

@article{Vityaev2012,
author = {Витяев, Е. Е. and Неупокоев, Н. В.},
file = {:C$\backslash$:/Users/sanek/Documents/Mendeley Desktop/Нейроинформатика/2012/Витяев, Неупокоев - 2012.pdf:pdf},
journal = {Нейроинформатика},
language = {russian},
number = {1},
pages = {28--41},
title = {{Формальная модель восприятия и образа как неподвижной точки предвосхищений}},
volume = {6},
year = {2012}
}
