Automatically generated by Mendeley Desktop 1.17.6
Any changes to this file will be lost if it is regenerated by Mendeley.

BibTeX export options can be customized via Options -> BibTeX in Mendeley Desktop

@inproceedings{Vityaev2012b,
address = {Ростов-на-Дону},
author = {Витяев, Е. Е.},
booktitle = {Материалы XVI Международной конференции по нейрокибернетике (24-28 сентября)},
file = {:C$\backslash$:/Users/sanek/Documents/Mendeley Desktop/Материалы XVI Международной конференции по нейрокибернетике (24-28 сентября)/2012/Витяев - 2012.pdf:pdf},
language = {russian},
pages = {81--84},
title = {{Формальная модель нейрона, обеспечивающая непротиворечивость предсказаний}},
volume = {2},
year = {2012}
}
