Automatically generated by Mendeley Desktop 1.17.6
Any changes to this file will be lost if it is regenerated by Mendeley.

BibTeX export options can be customized via Options -> BibTeX in Mendeley Desktop

@incollection{Vityaev1998a,
address = {Новосибирск},
author = {Витяев, Е. Е.},
booktitle = {Модели когнитивных процессов},
file = {:C$\backslash$:/Users/sanek/Documents/Mendeley Desktop/Модели когнитивных процессов/1998/Витяев - 1998(2).pdf:pdf},
language = {russian},
pages = {3--61},
publisher = {Институт математики им. С.Л. Соболев},
title = {{Формальная модель работы мозга, основанная на принципе предсказания}},
year = {1998}
}
