Automatically generated by Mendeley Desktop 1.17.6
Any changes to this file will be lost if it is regenerated by Mendeley.

BibTeX export options can be customized via Options -> BibTeX in Mendeley Desktop

@phdthesis{Volkova2014,
author = {Волкова, А. Ю.},
file = {:C$\backslash$:/Users/sanek/Documents/Mendeley Desktop/Unknown/2014/Волкова - 2014.pdf:pdf},
language = {russian},
pages = {305},
school = {Российский государственный гуманитарный университет},
title = {{Разработка алгоритмических и программных средств для реализации стратегий ДСМ-метода автоматического порождения гипотез}},
year = {2014}
}
