Automatically generated by Mendeley Desktop 1.17.6
Any changes to this file will be lost if it is regenerated by Mendeley.

BibTeX export options can be customized via Options -> BibTeX in Mendeley Desktop

@article{Vorontcov1998,
author = {Воронцов, К. В.},
file = {:C$\backslash$:/Users/sanek/Documents/Mendeley Desktop/Журнал вычислительной матемематики и математической физики/1998/Воронцов - 1998.pdf:pdf},
journal = {Журнал вычислительной матемематики и математической физики},
language = {russian},
number = {5},
pages = {870--880},
title = {{О проблемно-ориентированной оптимизации базисов задач распознавания}},
volume = {38},
year = {1998}
}
