Automatically generated by Mendeley Desktop 1.17.6
Any changes to this file will be lost if it is regenerated by Mendeley.

BibTeX export options can be customized via Options -> BibTeX in Mendeley Desktop

@article{Vorontcov2004a,
author = {Воронцов, К. В.},
file = {:C$\backslash$:/Users/sanek/Documents/Mendeley Desktop/Доклады РАН/2004/Воронцов - 2004.pdf:pdf},
journal = {Доклады РАН},
language = {russian},
number = {2},
pages = {175--178},
title = {{Комбинаторные оценки качества обучения по прецедентам}},
volume = {394},
year = {2004}
}
