Automatically generated by Mendeley Desktop 1.17.6
Any changes to this file will be lost if it is regenerated by Mendeley.

BibTeX export options can be customized via Options -> BibTeX in Mendeley Desktop

@book{Vorontcov2011b,
author = {Воронцов, К. В.},
file = {:C$\backslash$:/Users/sanek/Documents/Mendeley Desktop/Unknown/2011/Воронцов - 2011(2).pdf:pdf},
language = {russian},
pages = {141},
title = {{Математические методы обучения по прецедентам (теория обучения машин)}},
year = {2011}
}
