Automatically generated by Mendeley Desktop 1.17.6
Any changes to this file will be lost if it is regenerated by Mendeley.

BibTeX export options can be customized via Options -> BibTeX in Mendeley Desktop

@book{Vorontcov2005,
author = {Воронцов, К. В.},
file = {:C$\backslash$:/Users/sanek/Documents/Mendeley Desktop/Unknown/2005/Воронцов - 2005.pdf:pdf},
isbn = {0123456789},
keywords = {latex},
language = {russian},
mendeley-tags = {latex},
pages = {59},
title = {{LATEX 2e в примерах}},
year = {2005}
}
