Automatically generated by Mendeley Desktop 1.17.6
Any changes to this file will be lost if it is regenerated by Mendeley.

BibTeX export options can be customized via Options -> BibTeX in Mendeley Desktop

@unpublished{Vorontcov2009a,
author = {Воронцов, К. В.},
file = {:C$\backslash$:/Users/sanek/Documents/Mendeley Desktop/Unknown/2009/Воронцов - 2009(2).pdf:pdf},
language = {russian},
pages = {39},
title = {{Лекции по статистическим (байесовским) алгоритмам классификации}},
year = {2009}
}
