Automatically generated by Mendeley Desktop 1.17.6
Any changes to this file will be lost if it is regenerated by Mendeley.

BibTeX export options can be customized via Options -> BibTeX in Mendeley Desktop

@unpublished{Vorontcov2011a,
author = {Воронцов, К. В.},
file = {:C$\backslash$:/Users/sanek/Documents/Mendeley Desktop/Unknown/2011/Воронцов - 2011.pdf:pdf},
language = {russian},
pages = {18},
title = {{Проблемно-ориентированные методы алгебраического подхода (конспект лекций)}},
year = {2011}
}
