Automatically generated by Mendeley Desktop 1.17.6
Any changes to this file will be lost if it is regenerated by Mendeley.

BibTeX export options can be customized via Options -> BibTeX in Mendeley Desktop

@article{Vorontcov2000,
author = {Воронцов, К. В.},
file = {:C$\backslash$:/Users/sanek/Documents/Mendeley Desktop/Журнал вычислительной матемематики и математической физики/2000/Воронцов - 2000.pdf:pdf},
journal = {Журнал вычислительной матемематики и математической физики},
language = {russian},
number = {1},
pages = {166--176},
title = {{Оптимизационные методы линейной и монотонной коррекции в алгебраическом подходе к проблеме распознавания}},
volume = {40},
year = {2000}
}
