Automatically generated by Mendeley Desktop 1.17.6
Any changes to this file will be lost if it is regenerated by Mendeley.

BibTeX export options can be customized via Options -> BibTeX in Mendeley Desktop

@incollection{Vygotsky1984,
address = {М.},
author = {Выготский, Л. С.},
booktitle = {Собрание сочинений: В 6 т.},
editor = {Ярошевский, М. Г.},
file = {:C$\backslash$:/Users/sanek/Documents/Mendeley Desktop/Собрание сочинений В 6 т/1984/Выготский - 1984.pdf:pdf},
keywords = {psycho},
language = {russian},
mendeley-tags = {psycho},
pages = {91--318},
publisher = {Педагогика},
title = {{Учение об эмоциях. Историко-пихологическое исследование}},
volume = {6},
year = {1984}
}
