Automatically generated by Mendeley Desktop 1.17.6
Any changes to this file will be lost if it is regenerated by Mendeley.

BibTeX export options can be customized via Options -> BibTeX in Mendeley Desktop

@book{Vygotsky1960,
address = {М.},
author = {Выготский, Л. С.},
editor = {Леонтьев, Алексей Николаевич and Лурия, A. Р. and Теплова, Б. М.},
file = {:C$\backslash$:/Users/sanek/Documents/Mendeley Desktop/Unknown/1960/Выготский - 1960.pdf:pdf},
keywords = {psycho},
language = {russian},
mendeley-tags = {psycho},
pages = {130},
publisher = {Издательство Академии педагогических наук},
title = {{Развитие высших психических функций}},
year = {1960}
}
