Automatically generated by Mendeley Desktop 1.17.6
Any changes to this file will be lost if it is regenerated by Mendeley.

BibTeX export options can be customized via Options -> BibTeX in Mendeley Desktop

@book{Vygotsy1986,
author = {Vygotsky, L. S.},
keywords = {psycho},
mendeley-tags = {psycho},
pages = {344},
publisher = {MIT Press},
title = {{Thought and Language}},
year = {1986}
}
