Automatically generated by Mendeley Desktop 1.17.6
Any changes to this file will be lost if it is regenerated by Mendeley.

BibTeX export options can be customized via Options -> BibTeX in Mendeley Desktop

@incollection{Vygotsky2005,
author = {Выготский, Л. С.},
booktitle = {Психология развития человека},
editor = {Бобко, С.},
file = {:C$\backslash$:/Users/sanek/Documents/Mendeley Desktop/Психология развития человека/2005/Выготский - 2005.pdf:pdf},
isbn = {5699137289},
keywords = {psycho},
language = {russian},
mendeley-tags = {psycho},
pages = {664--1019},
publisher = {Эксмо},
title = {{Мышление и речь}},
year = {2005}
}
