Automatically generated by Mendeley Desktop 1.17.6
Any changes to this file will be lost if it is regenerated by Mendeley.

BibTeX export options can be customized via Options -> BibTeX in Mendeley Desktop

@book{Vygotsky1987,
address = {New York},
author = {Vygotsky, L. S.},
editor = {Rieber, Robert W. and Carton, Aaron S.},
keywords = {psycho},
mendeley-tags = {psycho},
publisher = {Plenum Press},
title = {{The Collected Works of L. S. Vygotsky}},
year = {1987}
}
