Automatically generated by Mendeley Desktop 1.17.6
Any changes to this file will be lost if it is regenerated by Mendeley.

BibTeX export options can be customized via Options -> BibTeX in Mendeley Desktop

@book{Vygotsky1999,
address = {М.},
author = {Выготский, Л. С.},
edition = {Изд. 5-е,},
file = {:C$\backslash$:/Users/sanek/Documents/Mendeley Desktop/Unknown/1999/Выготский - 1999.doc:doc},
language = {russian},
pages = {352},
publisher = {Издательство "Лабиринт"},
title = {{Мышление и речь}},
year = {1999}
}
