Automatically generated by Mendeley Desktop 1.17.6
Any changes to this file will be lost if it is regenerated by Mendeley.

BibTeX export options can be customized via Options -> BibTeX in Mendeley Desktop

@unpublished{Wallace2005,
author = {Wallace, Rodrick},
file = {:C$\backslash$:/Users/sanek/Documents/Mendeley Desktop/Unknown/2005/Wallace - 2005.pdf:pdf},
keywords = {consciousness,general cognitive model,global,information theory,phase transition,random net-,workspace},
pages = {9},
title = {{A modular network treatment of Baars' Global Workspace consciousness model}},
year = {2005}
}
