Automatically generated by Mendeley Desktop 1.17.6
Any changes to this file will be lost if it is regenerated by Mendeley.

BibTeX export options can be customized via Options -> BibTeX in Mendeley Desktop

@article{Wang2015a,
author = {Wang, Jinjun and Hou, Qiqi and Liu, Nan and Zhang, Shizhou},
doi = {10.1109/BigMM.2015.29},
file = {:C$\backslash$:/Users/sanek/Documents/Mendeley Desktop/2015 IEEE International Conference on Multimedia Big Data/2015/Wang et al. - 2015.pdf:pdf},
isbn = {978-1-4799-8688-0},
journal = {2015 IEEE International Conference on Multimedia Big Data},
pages = {88--91},
title = {{Model of Human Visual Cortex Inspired Computational Models for Visual Recognition}},
url = {http://ieeexplore.ieee.org/lpdocs/epic03/wrapper.htm?arnumber=7153860},
year = {2015}
}
