Automatically generated by Mendeley Desktop 1.17.6
Any changes to this file will be lost if it is regenerated by Mendeley.

BibTeX export options can be customized via Options -> BibTeX in Mendeley Desktop

@book{Westland2015,
address = {Cham},
author = {Westland, J. Christopher},
doi = {10.1007/978-3-319-16507-3},
file = {:C$\backslash$:/Users/sanek/Documents/Mendeley Desktop/Unknown/2015/Westland - 2015.pdf:pdf},
isbn = {978-3-319-16506-6},
issn = {1099-095X},
month = {mar},
pages = {184},
pmid = {20890403},
publisher = {Springer International Publishing},
series = {Studies in Systems, Decision and Control},
title = {{Structural Equation Models}},
url = {http://link.springer.com/10.1007/978-3-319-16507-3},
volume = {22},
year = {2015}
}
