Automatically generated by Mendeley Desktop 1.17.6
Any changes to this file will be lost if it is regenerated by Mendeley.

BibTeX export options can be customized via Options -> BibTeX in Mendeley Desktop

@article{Wettschereck1997,
author = {Wettschereck, Dietrich and Aha, David W. and Mohri, Takao},
file = {:C$\backslash$:/Users/sanek/Documents/Mendeley Desktop/Artificial Intelligence Review/1997/Wettschereck, Aha, Mohri - 1997.pdf:pdf},
journal = {Artificial Intelligence Review},
keywords = {empirical comparison,feature weights,k-nearest neighbor,lazy learning},
pages = {273--314},
title = {{A Review and Empirical Evaluation of Feature Weighting Methods for a Class of Lazy Learning Algorithms}},
volume = {11},
year = {1997}
}
