Automatically generated by Mendeley Desktop 1.17.6
Any changes to this file will be lost if it is regenerated by Mendeley.

BibTeX export options can be customized via Options -> BibTeX in Mendeley Desktop

@article{Wiering1997,
author = {Wiering, M. and Schmidhuber, J.},
doi = {10.1177/105971239700600202},
file = {:C$\backslash$:/Users/sanek/Documents/Mendeley Desktop/Adaptive Behavior/1997/Wiering, Schmidhuber - 1997.pdf:pdf},
isbn = {1059712397006},
issn = {1059-7123},
journal = {Adaptive Behavior},
keywords = {hierarchical q-learning,non-markov,pomdps,reinforcement learning,subgoal learning},
number = {2},
pages = {219--246},
title = {{HQ-Learning}},
url = {http://adb.sagepub.com/cgi/doi/10.1177/105971239700600202},
volume = {6},
year = {1997}
}
