Automatically generated by Mendeley Desktop 1.17.6
Any changes to this file will be lost if it is regenerated by Mendeley.

BibTeX export options can be customized via Options -> BibTeX in Mendeley Desktop

@article{Winston1987,
author = {Winston, Morton E. and Chaffin, Roger and Herrmann, Douglas},
doi = {10.1207/s15516709cog1104_2},
file = {:C$\backslash$:/Users/sanek/Documents/Mendeley Desktop/Cognitive Science/1987/Winston, Chaffin, Herrmann - 1987.pdf:pdf},
issn = {03640213},
journal = {Cognitive Science},
number = {4},
pages = {417--444},
title = {{A Taxonomy of Part-Whole Relations}},
url = {http://doi.wiley.com/10.1207/s15516709cog1104{\_}2},
volume = {11},
year = {1987}
}
