Automatically generated by Mendeley Desktop 1.17.6
Any changes to this file will be lost if it is regenerated by Mendeley.

BibTeX export options can be customized via Options -> BibTeX in Mendeley Desktop

@techreport{Wnek1991,
author = {Wnek, J. and Michalski, Ryszard S.},
file = {:C$\backslash$:/Users/sanek/Documents/Mendeley Desktop/Unknown/1991/Wnek, Michalski - 1991.pdf:pdf},
institution = {George Mason University},
pages = {17},
title = {{Hypothesis-Driven Constructive Induction in AQ17: a Method and Experiments}},
year = {1991}
}
