Automatically generated by Mendeley Desktop 1.17.6
Any changes to this file will be lost if it is regenerated by Mendeley.

BibTeX export options can be customized via Options -> BibTeX in Mendeley Desktop

@techreport{Wojtusiak2006,
author = {Wojtusiak, Janusz and Michalski, Ryszard S. and Kaufman, Kenneth A. and Pietrzykowski, Jaroslaw},
file = {:C$\backslash$:/Users/sanek/Documents/Mendeley Desktop/Unknown/2006/Wojtusiak et al. - 2006.pdf:pdf},
pages = {1--25},
title = {{Multitype Pattern Discovery via AQ21. A Brief Description of the Method and Its Novel Features}},
year = {2006}
}
