Automatically generated by Mendeley Desktop 1.17.6
Any changes to this file will be lost if it is regenerated by Mendeley.

BibTeX export options can be customized via Options -> BibTeX in Mendeley Desktop

@incollection{Wojtusiak2006a,
author = {Wojtusiak, Janusz and Michalski, Ryszard S.},
booktitle = {Intelligent Information Processing and Web Mining},
editor = {Klopotek, Mieczys{\l}aw A. and Wierzchon, S{\l}awomir T. and Trojanowski, Krzysztof},
file = {:C$\backslash$:/Users/sanek/Documents/Mendeley Desktop/Intelligent Information Processing and Web Mining/2006/Wojtusiak, Michalski - 2006.pdf:pdf},
pages = {189--198},
publisher = {Springer-Verlag},
title = {{The Use of Compound Attributes in AQ Learning}},
year = {2006}
}
