Automatically generated by Mendeley Desktop 1.17.6
Any changes to this file will be lost if it is regenerated by Mendeley.

BibTeX export options can be customized via Options -> BibTeX in Mendeley Desktop

@inproceedings{Wolfe2011a,
author = {Wolfe, Jason and Russell, Stuart},
booktitle = {Proceedings of IJCAI International Joint Conference on Artificial Intelligence 2011},
doi = {10.5591/978-1-57735-516-8/IJCAI11-340},
file = {:C$\backslash$:/Users/sanek/Documents/Mendeley Desktop/Proceedings of IJCAI International Joint Conference on Artificial Intelligence 2011/2011/Wolfe, Russell - 2011.pdf:pdf},
isbn = {9781577355120},
issn = {10450823},
keywords = {Planning and Scheduling,plan},
mendeley-tags = {plan},
pages = {2039--2045},
title = {{Bounded intention planning}},
year = {2011}
}
