Automatically generated by Mendeley Desktop 1.17.6
Any changes to this file will be lost if it is regenerated by Mendeley.

BibTeX export options can be customized via Options -> BibTeX in Mendeley Desktop

@book{Wooldridge1999,
editor = {Weiss, Gerhard},
file = {:C$\backslash$:/Users/sanek/Documents/Mendeley Desktop/Unknown/1999/Unknown - 1999.pdf:pdf},
isbn = {0262232030},
pages = {619},
publisher = {Massachusetts Institute of Technology},
title = {{Multiagent Systems: A Modern Approach to Distributed Modern Approach to Artificial Intelligence}},
year = {1999}
}
