Automatically generated by Mendeley Desktop 1.17.6
Any changes to this file will be lost if it is regenerated by Mendeley.

BibTeX export options can be customized via Options -> BibTeX in Mendeley Desktop

@article{Wyatt2010,
author = {Wyatt, Jeremy L. and Aydemir, Alper and Brenner, Michael and Hanheide, Marc and Hawes, Nick and Jensfelt, Patric and Kristan, Matej and Kruijff, Geert-jan M. and Lison, Pierre and Pronobis, Andrzej and Sjoo, Kristoffer and Vrecko, Alen and Sj, Kristoffer and Zender, Hendrik and Zillich, Michael and Skocaj, Danijel},
file = {:C$\backslash$:/Users/sanek/Documents/Mendeley Desktop/IEEE Transactions on Autonomous Mental Development/2010/Wyatt et al. - 2010.pdf:pdf},
journal = {IEEE Transactions on Autonomous Mental Development},
number = {4},
pages = {282--303},
title = {{Self-Understanding {\&} Self-Extension: A Systems and Representational Approach}},
volume = {2},
year = {2010}
}
