Automatically generated by Mendeley Desktop 1.17.6
Any changes to this file will be lost if it is regenerated by Mendeley.

BibTeX export options can be customized via Options -> BibTeX in Mendeley Desktop

@book{Xu2016,
editor = {Xu, Kevin S. and Reitter, David and Lee, Dongwon and Osgood, Nathaniel},
file = {:C$\backslash$:/Users/sanek/Documents/Mendeley Desktop/Unknown/2016/Unknown - 2016.pdf:pdf},
isbn = {9783319399300},
pages = {422},
publisher = {Springer International Publishing},
title = {{Social, Cultural, and Behavioral Modeling}},
year = {2016}
}
