Automatically generated by Mendeley Desktop 1.17.6
Any changes to this file will be lost if it is regenerated by Mendeley.

BibTeX export options can be customized via Options -> BibTeX in Mendeley Desktop

@article{Yakovlev2014,
author = {Яковлев, К. С. and Хитьков, В. В. and Логинов, М. И. and Петров, А. В.},
file = {:C$\backslash$:/Users/sanek/Documents/Mendeley Desktop/Робототехника и техническая кибернетика/2014/Яковлев et al. - 2014.pdf:pdf},
journal = {Робототехника и техническая кибернетика},
keywords = {autonomous navigation,distributed control system,local map,locali-,marker,qr-code,unmanned aerial vehicle},
language = {russian},
number = {3},
pages = {44--48},
title = {{Система навигации группы БЛА на основе маркеров}},
year = {2014}
}
