Automatically generated by Mendeley Desktop 1.17.6
Any changes to this file will be lost if it is regenerated by Mendeley.

BibTeX export options can be customized via Options -> BibTeX in Mendeley Desktop

@article{Yamada2015,
author = {Yamada, Tatsuro and Murata, Shingo and Arie, Hiroaki and Ogata, Tetsuya},
doi = {10.3389/fnbot.2016.00005},
file = {:C$\backslash$:/Users/sanek/Documents/Mendeley Desktop/Frontiers in Neurorobotics/2016/Yamada et al. - 2016.pdf:pdf},
isbn = {978-1-4799-9994-1},
issn = {1662-5218},
journal = {Frontiers in Neurorobotics},
keywords = {dynamical system approach,human,language learning,recurrent neural networks,robot interaction,sequence to sequence learning,symbol grounding problem},
month = {jul},
pages = {4179--4184},
publisher = {IEEE},
title = {{Dynamical Integration of Language and Behavior in a Recurrent Neural Network for Humanâ€“Robot Interaction}},
url = {http://ieeexplore.ieee.org/document/7353968/ http://journal.frontiersin.org/Article/10.3389/fnbot.2016.00005/abstract},
volume = {10},
year = {2016}
}
