Automatically generated by Mendeley Desktop 1.17.6
Any changes to this file will be lost if it is regenerated by Mendeley.

BibTeX export options can be customized via Options -> BibTeX in Mendeley Desktop

@inproceedings{Yang2013,
author = {Yang, Yezhou and Teo, Ching L and Ferm, Cornelia},
booktitle = {IEEE International Conference on Robotics and Automation (ICRA)},
file = {:C$\backslash$:/Users/sanek/Documents/Mendeley Desktop/IEEE International Conference on Robotics and Automation (ICRA)/2013/Yang, Teo, Ferm - 2013.pdf:pdf},
pages = {4256--4262},
title = {{Robots with Language: Multi-Label Visual Recognition Using NLP}},
year = {2013}
}
