Automatically generated by Mendeley Desktop 1.17.6
Any changes to this file will be lost if it is regenerated by Mendeley.

BibTeX export options can be customized via Options -> BibTeX in Mendeley Desktop

@article{Yang2007,
author = {Yang, Jingan and Luo, Zhenghu},
doi = {10.1016/j.asoc.2006.04.004},
file = {:C$\backslash$:/Users/sanek/Documents/Mendeley Desktop/Applied Soft Computing/2007/Yang, Luo - 2007.pdf:pdf},
issn = {15684946},
journal = {Applied Soft Computing},
keywords = {agent coalition formation,chromosome encoding,crossover and mutation,genetic algorithm,multiagent system},
number = {2},
pages = {561--568},
title = {{Coalition formation mechanism in multi-agent systems based on genetic algorithms}},
url = {http://linkinghub.elsevier.com/retrieve/pii/S1568494606000421},
volume = {7},
year = {2007}
}
