Automatically generated by Mendeley Desktop 1.17.6
Any changes to this file will be lost if it is regenerated by Mendeley.

BibTeX export options can be customized via Options -> BibTeX in Mendeley Desktop

@article{Yu2015,
author = {Yu, Qiang and Member, Student and Yan, Rui and Tang, Huajin and Tan, Kay Chen and Li, Haizhou},
file = {:C$\backslash$:/Users/sanek/Documents/Mendeley Desktop/IEEE transactions on neural networks and learning systems/2015/Yu et al. - 2015.pdf:pdf},
journal = {IEEE transactions on neural networks and learning systems},
pages = {1--15},
title = {{A Spiking Neural Network System for Robust Sequence Recognition}},
year = {2015}
}
