Automatically generated by Mendeley Desktop 1.17.6
Any changes to this file will be lost if it is regenerated by Mendeley.

BibTeX export options can be customized via Options -> BibTeX in Mendeley Desktop

@article{Zabezhailo2014a,
author = {Забежайло, М. И.},
file = {:C$\backslash$:/Users/sanek/Documents/Mendeley Desktop/Искусственный интеллект и принятие решений/2014/Забежайло - 2014.pdf:pdf},
journal = {Искусственный интеллект и принятие решений},
language = {russian},
number = {3},
pages = {3--20},
title = {{О некоторых возможностях управления перебором в ДСМ - методе. Часть II}},
year = {2014}
}
