Automatically generated by Mendeley Desktop 1.17.6
Any changes to this file will be lost if it is regenerated by Mendeley.

BibTeX export options can be customized via Options -> BibTeX in Mendeley Desktop

@book{Zacharias2012,
address = {Berlin},
author = {Zacharias, Franziska},
file = {:C$\backslash$:/Users/sanek/Documents/Mendeley Desktop/Unknown/2012/Zacharias - 2012.pdf:pdf},
isbn = {9783642251818},
pages = {144},
publisher = {Springer-Verlag},
title = {{Knowledge Representations for Planning Manipulation Tasks}},
volume = {16},
year = {2012}
}
