Automatically generated by Mendeley Desktop 1.17.6
Any changes to this file will be lost if it is regenerated by Mendeley.

BibTeX export options can be customized via Options -> BibTeX in Mendeley Desktop

@book{Zadeh2012,
author = {Zadeh, Lotfi A.},
doi = {10.1007/978-3-642-27473-2},
publisher = {Springer Berlin Heidelberg},
series = {Studies in Fuzziness and Soft Computing},
title = {{Computing with Words}},
url = {http://link.springer.com/book/10.1007{\%}252F978-3-642-27473-2},
year = {2012}
}
