Automatically generated by Mendeley Desktop 1.17.6
Any changes to this file will be lost if it is regenerated by Mendeley.

BibTeX export options can be customized via Options -> BibTeX in Mendeley Desktop

@article{Zagorulko2013,
author = {Загорулько, Ю. А.},
file = {:C$\backslash$:/Users/sanek/Documents/Mendeley Desktop/Известия Томского политехнического университета/2013/Загорулько - 2013.pdf:pdf},
journal = {Известия Томского политехнического университета},
keywords = {functional network,gy,imperative model,integrated knowledge representation model,network model,object oriented semantic network,ontolo,production system model,subdefinite model},
language = {russian},
number = {5},
pages = {98--103},
title = {{О концепции интегрированной модели представления знаний}},
volume = {322},
year = {2013}
}
