Automatically generated by Mendeley Desktop 1.17.6
Any changes to this file will be lost if it is regenerated by Mendeley.

BibTeX export options can be customized via Options -> BibTeX in Mendeley Desktop

@incollection{Zaitceva2002,
address = {СПб.},
author = {Зайцева, Н. В.},
booktitle = {Я. (А. Слинин) и МЫ},
file = {:C$\backslash$:/Users/sanek/Documents/Mendeley Desktop/Я. (А. Слинин) и МЫ/2002/Зайцева - 2002.pdf:pdf},
keywords = {semiotics},
language = {russian},
mendeley-tags = {semiotics},
pages = {179--193},
publisher = {Санкт-Петербургское философское общество},
series = {Мыслители},
title = {{Когнитивные основания семантической теории Э. Гуссерля (на материале ``Логических исследований'')}},
year = {2002}
}
