Automatically generated by Mendeley Desktop 1.17.6
Any changes to this file will be lost if it is regenerated by Mendeley.

BibTeX export options can be customized via Options -> BibTeX in Mendeley Desktop

@incollection{Zarri2012,
author = {Zarri, Gian Piero},
booktitle = {Behavior Computing},
doi = {10.1007/978-1-4471-2969-1},
editor = {Cao, Longbing and Yu, Philip S.},
file = {:C$\backslash$:/Users/sanek/Documents/Mendeley Desktop/Behavior Computing/2012/Zarri - 2012.pdf:pdf},
isbn = {978-1-4471-2968-4},
pages = {37--56},
publisher = {Springer London},
title = {{Behaviour Representation and Management Making Use of the Narrative Knowledge Representation Language}},
url = {http://link.springer.com/10.1007/978-1-4471-2969-1},
year = {2012}
}
