Automatically generated by Mendeley Desktop 1.17.6
Any changes to this file will be lost if it is regenerated by Mendeley.

BibTeX export options can be customized via Options -> BibTeX in Mendeley Desktop

@article{Zendehrouh2015,
author = {Zendehrouh, Sareh},
doi = {10.1016/j.neunet.2015.08.006},
file = {:C$\backslash$:/Users/sanek/Documents/Mendeley Desktop/Neural Networks/2015/Zendehrouh - 2015.pdf:pdf},
issn = {08936080},
journal = {Neural Networks},
pages = {112--123},
publisher = {Elsevier Ltd},
title = {{A new computational account of cognitive control over reinforcement-based decision-making: Modeling of a probabilistic learning task}},
url = {http://linkinghub.elsevier.com/retrieve/pii/S0893608015001604},
volume = {71},
year = {2015}
}
