Automatically generated by Mendeley Desktop 1.17.6
Any changes to this file will be lost if it is regenerated by Mendeley.

BibTeX export options can be customized via Options -> BibTeX in Mendeley Desktop

@article{Zhang2015,
author = {Zhang, Yunfeng and Paik, Jaehyon and Pirolli, Peter},
doi = {10.1111/tops.12143},
file = {:C$\backslash$:/Users/sanek/Documents/Mendeley Desktop/Topics in Cognitive science/2015/Zhang, Paik, Pirolli - 2015.pdf:pdf},
journal = {Topics in Cognitive science},
keywords = {change detection,cognitive,counterfactual reasoning,modeling,optimal foraging,reinforcement learning},
number = {2},
pages = {368--381},
title = {{Reinforcement Learning and Counterfactual Reasoning Explain Adaptive Behavior in a Changing Environment}},
volume = {7},
year = {2015}
}
