Automatically generated by Mendeley Desktop 1.17.6
Any changes to this file will be lost if it is regenerated by Mendeley.

BibTeX export options can be customized via Options -> BibTeX in Mendeley Desktop

@article{Zhdan2009,
author = {Ждан, А. Н.},
file = {:C$\backslash$:/Users/sanek/Documents/Mendeley Desktop/Методология и история психологии/2009/Ждан - 2009.pdf:pdf},
journal = {Методология и история психологии},
language = {russian},
number = {1},
pages = {47--60},
title = {{Пути и принципы исследования сознания в истории психологии}},
volume = {4},
year = {2009}
}
