Automatically generated by Mendeley Desktop 1.17.6
Any changes to this file will be lost if it is regenerated by Mendeley.

BibTeX export options can be customized via Options -> BibTeX in Mendeley Desktop

@article{Zhdanov2011,
author = {Жданов, А. А.},
file = {:C$\backslash$:/Users/sanek/Documents/Mendeley Desktop/Механика, управление и информатика/2011/Жданов - 2011.pdf:pdf},
journal = {Механика, управление и информатика},
language = {russian},
number = {6},
pages = {245--267},
title = {{Биологически инспирированное техническое зрение в системах автономного искусственного интеллекта}},
year = {2011}
}
