Automatically generated by Mendeley Desktop 1.17.6
Any changes to this file will be lost if it is regenerated by Mendeley.

BibTeX export options can be customized via Options -> BibTeX in Mendeley Desktop

@incollection{Zhdanov1997,
address = {М.},
author = {Жданов, А. А.},
booktitle = {Сборник «Вопросы кибернетики". Научный совет по комплексной проблеме «Кибернетика» РАН. Вып. 3},
file = {:C$\backslash$:/Users/sanek/Documents/Mendeley Desktop/Сборник «Вопросы кибернетики. Научный совет по комплексной проблеме «Кибернетика» РАН. Вып. 3/1997/Жданов - 1997.pdf:pdf},
language = {russian},
pages = {258--274},
title = {{Формальная модель нейрона и нейросети в методологии автономного адаптивного управлении}},
year = {1997}
}
