Automatically generated by Mendeley Desktop 1.17.6
Any changes to this file will be lost if it is regenerated by Mendeley.

BibTeX export options can be customized via Options -> BibTeX in Mendeley Desktop

@article{Zhiharev2011,
author = {Жихарев, А. Г. and Маторин, С. И.},
file = {:C$\backslash$:/Users/sanek/Documents/Mendeley Desktop/Искусственный интеллект и принятие решений/2011/Жихарев, Маторин - 2011.pdf:pdf},
journal = {Искусственный интеллект и принятие решений},
language = {russian},
number = {2},
pages = {12--18},
title = {{Метод формализации организационных знаний}},
year = {2011}
}
