Automatically generated by Mendeley Desktop 1.17.6
Any changes to this file will be lost if it is regenerated by Mendeley.

BibTeX export options can be customized via Options -> BibTeX in Mendeley Desktop

@article{Zhuge2005,
author = {Zhuge, Hai and Sun, Yunchuan and Jia, Ruixiang and Liu, Jie},
doi = {10.1504/IJHPCN.2005.008565},
file = {:C$\backslash$:/Users/sanek/Documents/Mendeley Desktop/International Journal of High Performance Computing and Networking/2005/Zhuge et al. - 2005.pdf:pdf},
issn = {1740-0562},
journal = {International Journal of High Performance Computing and Networking},
keywords = {2005,227,238,3,4,algebra model and experiment,and,follows,for semantic link network,h,high performance computing and,int,j,jia,knowledge grid,liu,matrix,networking,no,pp,r,reference to this paper,semantic grid,semantic link,semantic web,should be made as,sun,vol,y,zhuge},
number = {4},
pages = {227--238},
title = {{Algebra model and experiment for semantic link network}},
url = {http://www.inderscience.com/link.php?id=8565},
volume = {3},
year = {2005}
}
