Automatically generated by Mendeley Desktop 1.17.6
Any changes to this file will be lost if it is regenerated by Mendeley.

BibTeX export options can be customized via Options -> BibTeX in Mendeley Desktop

@article{Zhuravlev1976,
author = {Журавлёв, Ю. И.},
file = {:C$\backslash$:/Users/sanek/Documents/Mendeley Desktop/Кибернетика/1976/Журавлёв - 1976.pdf:pdf},
journal = {Кибернетика},
language = {russian},
number = {6},
title = {{Непараметрические задачи рспознавания образов}},
year = {1976}
}
