Automatically generated by Mendeley Desktop 1.17.6
Any changes to this file will be lost if it is regenerated by Mendeley.

BibTeX export options can be customized via Options -> BibTeX in Mendeley Desktop

@book{ZhuravlevL2009,
address = {М.},
editor = {Журавлев, А. Л. and Сергиенко, Е. А. and Знаков, В. В. and Александров, И. О.},
file = {:C$\backslash$:/Users/sanek/Documents/Mendeley Desktop/Unknown/2009/Unknown - 2009.pdf:pdf},
isbn = {9785927001705},
keywords = {psycho},
language = {russian},
mendeley-tags = {psycho},
pages = {400},
publisher = {Институт психологии РАН},
title = {{Психология человека в современном мире}},
volume = {3},
year = {2009}
}
