Automatically generated by Mendeley Desktop 1.17.6
Any changes to this file will be lost if it is regenerated by Mendeley.

BibTeX export options can be customized via Options -> BibTeX in Mendeley Desktop

@article{Zhuravlev2002a,
author = {Журавлёв, Ю. И.},
file = {:C$\backslash$:/Users/sanek/Documents/Mendeley Desktop/Журнал вычислительной матемематики и математической физики/2002/Журавлёв - 2002.pdf:pdf},
journal = {Журнал вычислительной матемематики и математической физики},
language = {russian},
number = {9},
pages = {1425--1435},
title = {{Об алгоритмах распознавания с представительными наборами (о логических алгоритмах)}},
volume = {42},
year = {2002}
}
