Automatically generated by Mendeley Desktop 1.17.6
Any changes to this file will be lost if it is regenerated by Mendeley.

BibTeX export options can be customized via Options -> BibTeX in Mendeley Desktop

@article{Zhuravlev2002,
author = {Журавлёв, Ю. И.},
file = {:C$\backslash$:/Users/sanek/Documents/Mendeley Desktop/Проблемы кибернетики/1978/Журавлёв - 1978.pdf:pdf},
journal = {Проблемы кибернетики},
language = {russian},
number = {33},
pages = {5--68},
title = {{Об алгебраическом подходе к решению задач распознавания или классификации}},
year = {1978}
}
