Automatically generated by Mendeley Desktop 1.17.6
Any changes to this file will be lost if it is regenerated by Mendeley.

BibTeX export options can be customized via Options -> BibTeX in Mendeley Desktop

@article{Zhuravlev1977,
author = {Журавлёв, Ю. И.},
journal = {Кибернектика},
language = {russian},
number = {4},
pages = {5--17},
title = {{Корректные алгебры над множеством некорректных (эвристических) алгоритмов. Часть I}},
year = {1977}
}
