Automatically generated by Mendeley Desktop 1.17.6
Any changes to this file will be lost if it is regenerated by Mendeley.

BibTeX export options can be customized via Options -> BibTeX in Mendeley Desktop

@article{Zhuravlev1989b,
author = {Журавлёв, Ю. И.},
file = {:C$\backslash$:/Users/sanek/Documents/Mendeley Desktop/Распознавание. Классификация. Прогноз/1989/Журавлёв - 1989.pdf:pdf},
journal = {Распознавание. Классификация. Прогноз},
language = {russian},
number = {1},
pages = {9--16},
title = {{Об алгебраических методах распознавания в задачах распознавнаия и классификации}},
year = {1989}
}
