Automatically generated by Mendeley Desktop 1.17.6
Any changes to this file will be lost if it is regenerated by Mendeley.

BibTeX export options can be customized via Options -> BibTeX in Mendeley Desktop

@book{Zorina2002,
address = {М.},
author = {Зорина, Зоя Александровна and Полетаева, Инга Игоревна},
file = {:C$\backslash$:/Users/sanek/Documents/Mendeley Desktop/Unknown/2002/Зорина, Полетаева - 2002.pdf:pdf},
isbn = {5756701354},
language = {russian},
pages = {320},
publisher = {Аспект Пресс},
title = {{Элементарное мышление животных: Учебное пособие}},
year = {2002}
}
