Automatically generated by Mendeley Desktop 1.17.6
Any changes to this file will be lost if it is regenerated by Mendeley.

BibTeX export options can be customized via Options -> BibTeX in Mendeley Desktop

@article{Zorina2001,
author = {Зорина, Зоя Александровна and Смирнова, А. А. and Лазарева, О. Ф.},
file = {:C$\backslash$:/Users/sanek/Documents/Mendeley Desktop/Природа/2001/Зорина, Смирнова, Лазарева - 2001.pdf:pdf},
journal = {Природа},
language = {russian},
number = {2},
pages = {72--79},
title = {{Умеют ли вороны считать?}},
year = {2001}
}
