Automatically generated by Mendeley Desktop 1.17.6
Any changes to this file will be lost if it is regenerated by Mendeley.

BibTeX export options can be customized via Options -> BibTeX in Mendeley Desktop

@article{Zubarev2013,
abstract = {В статье рассматриваются и анализируются различные подходы к построению архитектуры системы управления беспилотным летательным аппаратом типа «вертолет». На основании проведенного анализа делается вывод о целесообразности применения иерархической, трехуровневой схемы – стратегический уровень, тактический уровень, уровень управления. Описываются решаемые на каждом уровне задачи и дается краткая характеристика методов, подходов и алгоритмов, потенциально применимых для их решения, выделяются наиболее перспективные на взгляд авторов методы и подходы.},
author = {Зубарев, Д. В. and Макаров, Д. А. and Панов, А. И. and Яковлев, К. С.},
file = {:C$\backslash$:/Users/sanek/Documents/Mendeley Desktop/Авиакосмическое приборостроение/2013/Зубарев et al. - 2013.pdf:pdf;:C$\backslash$:/Users/sanek/Documents/Mendeley Desktop/Авиакосмическое приборостроение/2013/Зубарев et al. - 2013.docx:docx},
journal = {Авиакосмическое приборостроение},
keywords = {12-07-00611,12-07-31057,12-07-31058,elibrary,mypub,алгоритмы управления,архитектура системы управления,беспилотные летательные аппараты,вертолеты,когнитивное компьютерное моделирование,методы планирования траекторий,регуляторы},
language = {russian},
mendeley-tags = {12-07-00611,12-07-31057,12-07-31058,elibrary,mypub},
number = {4},
pages = {10--28},
title = {{Принципы построения многоуровневых архитектур систем управления беспилотными летательными аппаратами}},
year = {2013}
}
