Automatically generated by Mendeley Desktop 1.17.6
Any changes to this file will be lost if it is regenerated by Mendeley.

BibTeX export options can be customized via Options -> BibTeX in Mendeley Desktop

@article{Zuravlev1989a,
author = {Журавлёв, Ю. И. and Гуревич, И. Б.},
file = {:C$\backslash$:/Users/sanek/Documents/Mendeley Desktop/Распознавание. Классификация. Прогноз/1989/Журавлёв, Гуревич - 1989.pdf:pdf},
journal = {Распознавание. Классификация. Прогноз},
language = {russian},
number = {2},
pages = {5--72},
title = {{Распознавание образов и распознавание изображений}},
year = {1989}
}
