% !TeX encoding = windows-1251
@article{Osipov2014c,
abstract = {Рассматриваются функции, которые в психологии принято относить к функциям сознания. К числу таких функций относятся рефлексия, осознание мотива деятельности, целеполагание, синтез целенаправленного поведения и некоторые иные. Описание опирается на понятие знака, достаточно широко используемое в психологии, в частности, в культурно-исторической теории Л.С.Выготского, где знак понимается неформальным образом. В настоящей работе уточняется понятие знака, рассматриваются механизмы формирования знаков и некоторые процедуры самоорганизации на множестве знаков. Благодаря работе механизмов самоорганизации возникает новый способ представления картины мира субъекта деятельности. Вводится понятие семиотической сети, которое используется для исследования картин мира субъектов. Строятся модели некоторых из указанных выше функций. Вторая часть статьи посвящена функциям самосознания и применению построенных моделей для задачи синтеза плана и построения новых архитектур интеллектуальных агентов, обладающих, в частности, способностями к распределению ролей в коалициях.},
author = {Осипов, Г. С. and Панов, А. И. and Чудова, Н. В.},
doi = {10.7868/S000233881404012X},
file = {:C$\backslash$:/Users/sanek/Documents/Mendeley Desktop/Известия Российской академии наук. Теория и системы управления/2014/Осипов, Панов, Чудова - 2014.doc:doc;:C$\backslash$:/Users/sanek/Documents/Mendeley Desktop/Известия Российской академии наук. Теория и системы управления/2014/Осипов, Панов, Чудова - 2014.pdf:pdf},
issn = {0002-3388},
journal = {Известия Российской академии наук. Теория и системы управления},
keywords = {12-07-00611,elibrary,mypub,vak},
language = {russian},
mendeley-groups = {my{\_}publications},
mendeley-tags = {12-07-00611,elibrary,mypub,vak},
number = {4},
pages = {49--62},
title = {{Управление поведением как функция сознания. I. Картина мира и целеполагание}},
url = {http://elibrary.ru/item.asp?doi=10.7868/S000233881404012X},
year = {2014}
}

@incollection{Leontiev1983,
	address = {М.},
	author = {Леонтьев, А. Н.},
	booktitle = {Избранные психологические произведения},
	language = {russian},
	mendeley-groups = {Cogntive approach/Psychology},
	pages = {251--261},
	publisher = {Педагогика},
	title = {{Образ мира}},
	year = {1983}
}


@book{Leontiev1977,
	address = {М.},
	author = {Леонтьев, Алексей Николаевич},
	edition = {Изд. 2-е},
	file = {:C$\backslash$:/Users/sanek/Documents/Mendeley Desktop/Unknown/1977/Леонтьев - 1977.pdf:pdf},
	keywords = {psycho},
	language = {russian},
	mendeley-groups = {Cogntive approach/Psychology},
	mendeley-tags = {psycho},
	pages = {304},
	publisher = {Политиздат},
	title = {{Деятельность. Сознание. Личность}},
	year = {1977}
}

@article{Chudova2012b,
	author = {Чудова, Н. В.},
	file = {:C$\backslash$:/Users/sanek/Documents/Mendeley Desktop/Искусственный интеллект и принятие решений/2012/Чудова - 2012.pdf:pdf},
	journal = {Искусственный интеллект и принятие решений},
	keywords = {12-07-00611,psycho},
	language = {russian},
	mendeley-groups = {Cogntive approach/Cognitive computer modeling},
	mendeley-tags = {12-07-00611,psycho},
	number = {2},
	pages = {51--62},
	title = {{Концептуальная модель картины мира для задачи моделирования поведения, основанного на сознании}},
	year = {2012}
}

@book{Festinger1999,
	address = {СПб.},
	author = {Фестинег, Л.},
	language = {russian},
	mendeley-groups = {Cogntive approach/Psychology},
	publisher = {Ювента},
	title = {{Теория когнитивного диссонанса}},
	year = {1999}
}

@article{Osipov1990,
	author = {Осипов, Г. С.},
	journal = {Известия АН СССР. Техническая кибернетика},
	language = {russian},
	mendeley-groups = {Artifial Intelligence/Knowledge representation},
	number = {5},
	pages = {32--45},
	title = {{Построение моделей предметных областей. Ч. I. Неоднородные семантические сети}},
	year = {1990}
}

@article{Osipov2000,
	author = {Осипов, Г. С. and Лебедева, Т. Г.},
	journal = {Известия РАН. Теория и системы управления},
	language = {russian},
	mendeley-groups = {Artifial Intelligence/DIS},
	number = {5},
	pages = {703--709},
	title = {{Архитектура и управляемость дискретных динамических систем, основанных на знаниях}},
	year = {2000}
}

@incollection{Kelly1991,
	address = {London},
	author = {Kelly, G. A.},
	booktitle = {The psychology of personal constructs},
	mendeley-groups = {Cogntive approach/Psychology},
	publisher = {Routledge},
	title = {{A theory of personality}},
	volume = {I},
	year = {Kelly1991}
}

@article{Schank1972,
	abstract = {Reviews research undertaken to create a theory of human natural language understanding. It is noted that those who have made attempts to solve the problem have had to restrict the domain of the particular problem that they were trying to solve, and sacrifice theoretical considerations for programming considerations. Psychiatric interviewing programs that have been written have not attempted to do much more than demonstrate that it is possible to have conversations with machines. It is suggested that what is needed, and what has been lacking, is a cohesive theory of how humans understand natural language without regard to particular subparts of that problem. A theory is described which is also intended to be a basis for computer programs that understand natural language. The initial premise of the theory is that the basis of natural language is conceptual. This base is interlingual, its elements are concepts not words. The conceptual content underlying an utterance is its meaning. Components of the system are a syntactic processor, a conceptual processor, and memories. Dependency relations between concepts form a network constituting the conceptual base.},
	author = {Schank, Roger C.},
	doi = {10.1016/0010-0285(72)90022-9},
	file = {:C$\backslash$:/Users/sanek/Documents/Mendeley Desktop/Cognitive Psychology/1972/Schank - 1972.pdf:pdf},
	issn = {00100285},
	journal = {Cognitive Psychology},
	mendeley-groups = {Artifial Intelligence/Linguistics},
	number = {4},
	pages = {552--631},
	title = {{Conceptual dependency: A theory of natural language understanding}},
	volume = {3},
	year = {1972}
}

@article{Chudova2014,
	author = {Чудова, Н. В.},
	file = {:C$\backslash$:/Users/sanek/Documents/Mendeley Desktop/Искусственный интеллект и принятие решений/2014/Чудова - 2014.pdf:pdf},
	journal = {Искусственный интеллект и принятие решений},
	keywords = {12-07-00611,psycho},
	language = {russian},
	mendeley-groups = {Cogntive approach/Psychology},
	mendeley-tags = {12-07-00611,psycho},
	number = {3},
	pages = {40--45},
	title = {{Переработка опыта как функция Образа мира}},
	year = {2014}
}

@article{Triesman1980,
	author = {Triesman, A. M. and Gelade, G.},
	journal = {Cognitive Psyhology},
	mendeley-groups = {Cogntive approach/Cognitive modelling/Attention},
	pages = {97--136},
	title = {{A Feature Integration Theory of Attention}},
	volume = {12},
	year = {1980}
}

@article{Rensink2000,
	author = {Rensink, Ronald A.},
	doi = {10.1080/135062800394667},
	file = {:C$\backslash$:/Users/sanek/Documents/Mendeley Desktop/Visual Cognition/2000/Rensink - 2000.pdf:pdf},
	issn = {1350-6285},
	journal = {Visual Cognition},
	mendeley-groups = {Cogntive approach/Cognitive modelling/Attention},
	number = {1-3},
	pages = {17--42},
	title = {{The Dynamic Representation of Scenes}},
	url = {http://www.tandf.com/doi/abs/10.1080/135062800394667},
	volume = {7},
	year = {2000}
}

@article{Hawkins2009,
	abstract = {In this paper, we propose a mechanism which the neocortex may use to store sequences of patterns. Storing and recalling sequences are necessary for making predictions, recognizing time-based patterns and generating behaviour. Since these tasks are major functions of the neocortex, the ability to store and recall time-based sequences is probably a key attribute of many, if not all, cortical areas. Previously, we have proposed that the neocortex can be modelled as a hierarchy of memory regions, each of which learns and recalls sequences. This paper proposes how each region of neocortex might learn the sequences necessary for this theory. The basis of the proposal is that all the cells in a cortical column share bottom-up receptive field properties, but individual cells in a column learn to represent unique incidences of the bottom-up receptive field property within different sequences. We discuss the proposal, the biological constraints that led to it and some results modelling it.},
	author = {Hawkins, Jeff and George, Dileep and Niemasik, Jamie},
	doi = {10.1098/rstb.2008.0322},
	file = {:C$\backslash$:/Users/sanek/Documents/Mendeley Desktop/Philosophical transactions of the Royal Society of London. Series B, Biological sciences/2009/Hawkins, George, Niemasik - 2009.pdf:pdf},
	isbn = {0962-8436},
	issn = {0962-8436},
	journal = {Philosophical transactions of the Royal Society of London. Series B, Biological sciences},
	keywords = {1,during,function of the brain,hierarchical temporal memory,htm,prediction,prediction and sequence memory,prediction is a ubiquitous,sequence memory,state-splitting,variable-order markov model},
	mendeley-groups = {Machine learning/Perception},
	mendeley-tags = {htm},
	pages = {1203--1209},
	pmid = {19528001},
	title = {{Sequence memory for prediction, inference and behaviour}},
	volume = {364},
	year = {2009}
}

@article{Bolotova2011,
	author = {Болотова, Ю. А. and Спицын, В. Г. and Фомин, А. Э.},
	file = {:C$\backslash$:/Users/sanek/Documents/Mendeley Desktop/Известия Томского политехнического университета/2011/Болотова, Спицын, Фомин - 2011.pdf:pdf},
	journal = {Известия Томского политехнического университета},
	keywords = {evolutionary algorithm,hierarchical temporal memory model,htm,in vision,pattern recognition,time and hierarchical components,в пространстве,задачи распознавания образов,понимания речи и ориентации,чтения текстов,яв},
	language = {russian},
	mendeley-groups = {Machine learning/Perception},
	mendeley-tags = {htm},
	number = {5},
	pages = {60--63},
	title = {{Применение модели иерархической временной памяти в распознавании изображений}},
	volume = {318},
	year = {2011}
}

@book{Velichkovsky2006a,
	address = {М.},
	author = {Величковский, Б. М.},
	file = {:C$\backslash$:/Users/sanek/Documents/Mendeley Desktop/Unknown/2006/Величковский - 2006.pdf:pdf},
	isbn = {5893572173},
	keywords = {psycho},
	language = {russian},
	mendeley-groups = {Cogntive approach/Psychology},
	mendeley-tags = {psycho},
	pages = {448},
	publisher = {Смысл},
	title = {{Когнитивная наука: Основы психологии познания: в 2 т.}},
	volume = {1},
	year = {2006}
}

@book{Kudryavtcev1985,
	address = {М.},
	author = {Кудрявцев, В. Б. and Алешин, С. В. and Подколзин, А. С.},
	language = {russian},
	mendeley-groups = {Others/Physics and math},
	pages = {320},
	publisher = {Наука},
	title = {{Введение в теорию автоматов}},
	year = {1985}
}

@book{Vapnik1974,
	address = {М.},
	author = {Вапник, В. Н. and Червоненкис, А. Я.},
	language = {russian},
	mendeley-groups = {Artifial Intelligence/Recognition/Computer Vision},
	publisher = {Наука},
	title = {{Теория распознавания образов}},
	year = {1974}
}

@book{Kalman1971,
	address = {М.},
	author = {Калман, Р. and Фалб, П. and Арбиб, М.},
	language = {russian},
	mendeley-groups = {Others/Physics and math},
	publisher = {Мир},
	title = {{Очерки по математической теории систем}},
	year = {1971}
}

@article{Zhuravlev1977,
	author = {Журавлёв, Ю. И.},
	journal = {Кибернектика},
	mendeley-groups = {Artifial Intelligence/Recognition/Juravlev school},
	number = {4},
	pages = {5--17},
	title = {{Корректные алгебры над множеством некорректных (эвристических) алгоритмов. Часть I}},
	year = {1977}
}

@article{Norris1978,
	author = {Norris, E. M.},
	file = {:C$\backslash$:/Users/sanek/Documents/Mendeley Desktop/Revue Roumaine de Math{\'{e}}matiques Pures et Appliqu{\'{e}}es/1978/Norris - 1978.pdf:pdf},
	journal = {Revue Roumaine de Math{\'{e}}matiques Pures et Appliqu{\'{e}}es},
	mendeley-groups = {Machine learning/FCA},
	number = {2},
	pages = {243--250},
	title = {{An Algorithm for Computing the Maximal Rectangles in a Binary Relation}},
	volume = {23},
	year = {1978}
}

@incollection{Koutn2008,
	address = {Berlin},
	author = {Koutnik, Jan and Snorek, Miroslav},
	booktitle = {Artificial Neural Networks - ICANN 2008},
	file = {:C$\backslash$:/Users/sanek/Documents/Mendeley Desktop/Artificial Neural Networks - ICANN 2008/2008/Koutnik, Snorek - 2008.pdf:pdf},
	mendeley-groups = {Artifial Intelligence/Neural networks},
	pages = {632--641},
	publisher = {Springer},
	title = {{Temporal Hebbian Self-Organizing Map for Sequences}},
	year = {2008}
}

@article{Osipov2002a,
	author = {Осипов, Г. С. and Виноградов, А. Н. and Жилякова, Л. Ю.},
	journal = {Известия АН. Теория и системы управления},
	keywords = {osipov},
	language = {russian},
	mendeley-groups = {Artifial Intelligence/DIS},
	mendeley-tags = {osipov},
	number = {6},
	pages = {119--127},
	title = {{Динамические интеллектуальные системы. I. Представление знаний и основные алгоритмы}},
	year = {2002}
}

@article{Osipov2003b,
	author = {Осипов, Г. С. and Виноградов, А. Н. and Жилякова, Л. Ю.},
	file = {:C$\backslash$:/Users/sanek/Documents/Mendeley Desktop/Известия АН. Теория и системы управления/2003/Осипов, Виноградов, Жилякова - 2003.pdf:pdf},
	journal = {Известия АН. Теория и системы управления},
	keywords = {osipov},
	language = {russian},
	mendeley-groups = {Artifial Intelligence/DIS},
	mendeley-tags = {osipov},
	number = {1},
	pages = {87--94},
	title = {{Динамические интеллектуальные системы. II. Моделирование целенаправленного поведения}},
	year = {2003}
}

@article{Osipov2008b,
	author = {Осипов, Г. С.},
	file = {:C$\backslash$:/Users/sanek/Documents/Mendeley Desktop/Искусственный интеллект и принятие решений/2008/Осипов - 2008.pdf:pdf},
	journal = {Искусственный интеллект и принятие решений},
	keywords = {osipov},
	language = {russian},
	mendeley-groups = {Artifial Intelligence/DIS},
	mendeley-tags = {osipov},
	number = {1},
	pages = {47--54},
	title = {{Динамические интеллектуальные системы}},
	year = {2008}
}

@ONLINE{NIH2014,
	author = "{National Institutes of Health}",
	title = "Brain Research through Advancing Innovative Neurotechnologies ({BRAIN})",
	year = "2016",
	url = "http://www.nih.gov/science/brain",
	urldate = "02.11.2016"
}

@ONLINE{HBP2014,
	author = "{European Commission}",
	title = "Human Brain Project",
	year = "2016",
	url = "https://www.humanbrainproject.eu",
	urldate = "02.11.2016"	
}

@article{Borji2013,
	abstract = {Modeling visual attention--particularly stimulus-driven, saliency-based attention--has been a very active research area over the past 25 years. Many different models of attention are now available which, aside from lending theoretical contributions to other fields, have demonstrated successful applications in computer vision, mobile robotics, and cognitive systems. Here we review, from a computational perspective, the basic concepts of attention implemented in these models. We present a taxonomy of nearly 65 models, which provides a critical comparison of approaches, their capabilities, and shortcomings. In particular, 13 criteria derived from behavioral and computational studies are formulated for qualitative comparison of attention models. Furthermore, we address several challenging issues with models, including biological plausibility of the computations, correlation with eye movement datasets, bottom-up and top-down dissociation, and constructing meaningful performance measures. Finally, we highlight current research trends in attention modeling and provide insights for future.},
	author = {Borji, Ali and Itti, Laurent},
	doi = {10.1109/TPAMI.2012.89},
	file = {:C$\backslash$:/Users/sanek/Documents/Mendeley Desktop/IEEE transactions on pattern analysis and machine intelligence/2013/Borji, Itti - 2013.pdf:pdf},
	issn = {1939-3539},
	journal = {IEEE transactions on pattern analysis and machine intelligence},
	keywords = {Animals,Attention,Attention: physiology,Computer Simulation,Fixation,Humans,Models,Neurological,Ocular,Ocular: physiology,Visual Cortex,Visual Cortex: physiology,Visual Perception,Visual Perception: physiology},
	mendeley-groups = {Cogntive approach/Cognitive modelling/Attention},
	number = {1},
	pages = {185--207},
	pmid = {22487985},
	title = {{State-of-the-art in visual attention modeling}},
	url = {http://www.ncbi.nlm.nih.gov/pubmed/22487985},
	volume = {35},
	year = {2013}
}

@book{Edelmen1981,
	address = {М.},
	author = {Эделмен, Дж. and Маунткасл, В.},
	editor = {Соколов, Е. Н.},
	file = {:C$\backslash$:/Users/sanek/Documents/Mendeley Desktop/Unknown/1981/Эделмен, Маунткасл - 1981.pdf:pdf},
	language = {russian},
	mendeley-groups = {Cogntive approach/Brain modelling/Common},
	pages = {135},
	publisher = {Мир},
	title = {{Разумный мозг}},
	translator = {Алексеенко, Н. Ю.},
	year = {1981}
}

@article{Ivanitsky1996,
	author = {Иваницкий, А. М.},
	file = {:C$\backslash$:/Users/sanek/Documents/Mendeley Desktop/Журнал высшей нервной деятельности/1996/Иваницкий - 1996.pdf:pdf},
	journal = {Журнал высшей нервной деятельности},
	language = {russian},
	mendeley-groups = {Cogntive approach/Cognitive modelling/Consiousness},
	number = {2},
	pages = {241--282},
	title = {{Мозговая основа субъективных переживаний: гипотеза информационного синтеза}},
	volume = {46},
	year = {1996}
}

@article{Ivanitsky1996a,
	author = {Ivanitsky, A. M.},
	journal = {Neuroscience and Behavioral Physiology},
	mendeley-groups = {Cogntive approach/Neurophisiology},
	number = {2},
	pages = {251--252},
	title = {{Brain basis of subjective experience: information synthesis hypothesis}},
	volume = {46},
	year = {1996}
}

@article{Baars2005,
	abstract = {Global workspace (GW) theory emerged from the cognitive architecture tradition in cognitive science. Newell and co-workers were the first to show the utility of a GW or "blackboard" architecture in a distributed set of knowledge sources, which could cooperatively solve problems that no single constituent could solve alone. The empirical connection with conscious cognition was made by Baars (1988, 2002). GW theory generates explicit predictions for conscious aspects of perception, emotion, motivation, learning, working memory, voluntary control, and self systems in the brain. It has similarities to biological theories such as Neural Darwinism and dynamical theories of brain functioning. Functional brain imaging now shows that conscious cognition is distinctively associated with wide spread of cortical activity, notably toward frontoparietal and medial temporal regions. Unconscious comparison conditions tend to activate only local regions, such as visual projection areas. Frontoparietal hypometabolism is also implicated in unconscious states, including deep sleep, coma, vegetative states, epileptic loss of consciousness, and general anesthesia. These findings are consistent with the GW hypothesis, which is now favored by a number of scientists and philosophers.},
	author = {Baars, Bernard J},
	doi = {10.1016/S0079-6123(05)50004-9},
	file = {:C$\backslash$:/Users/sanek/Documents/Mendeley Desktop/Progress in brain research/2005/Baars - 2005.pdf:pdf},
	isbn = {1925283267},
	issn = {0079-6123},
	journal = {Progress in brain research},
	keywords = {Cognition,Cognition: physiology,Consciousness,Consciousness: physiology,Humans,Models,Neurosciences,Psychological},
	mendeley-groups = {Cogntive approach/Consciousness},
	pages = {45--53},
	pmid = {16186014},
	title = {{Global workspace theory of consciousness: toward a cognitive neuroscience of human experience.}},
	url = {http://www.ncbi.nlm.nih.gov/pubmed/16186014},
	volume = {150},
	year = {2005}
}

@article{Dehaene2003,
	abstract = {The subjective experience of perceiving visual stimuli is accompanied by objective neuronal activity patterns such as sustained activity in primary visual area (V1), amplification of perceptual processing, correlation across distant regions, joint parietal, frontal, and cingulate activation, gamma-band oscillations, and P300 waveform. We describe a neuronal network model that aims at explaining how those physiological parameters may cohere with conscious reports. The model proposes that the step of conscious perception, referred to as access awareness, is related to the entry of processed visual stimuli into a global brain state that links distant areas including the prefrontal cortex through reciprocal connections, and thus makes perceptual information reportable by multiple means. We use the model to simulate a classical psychological paradigm: the attentional blink. In addition to reproducing the main objective and subjective features of this paradigm, the model predicts an unique property of nonlinear transition from nonconscious processing to subjective perception. This all-or-none dynamics of conscious perception was verified behaviorally in human subjects.},
	author = {Dehaene, Stanislas and Sergent, Claire and Changeux, Jean-Pierre},
	doi = {10.1073/pnas.1332574100},
	file = {:C$\backslash$:/Users/sanek/Documents/Mendeley Desktop/Proceedings of the National Academy of Sciences of the United States of America/2003/Dehaene, Sergent, Changeux - 2003.pdf:pdf},
	issn = {0027-8424},
	journal = {Proceedings of the National Academy of Sciences of the United States of America},
	keywords = {Adult,Animals,Attention,Attention: physiology,Cerebral Cortex,Cerebral Cortex: physiology,Consciousness,Consciousness: physiology,Haplorhini,Humans,Models,Neural Networks (Computer),Neurological,Neurons,Neurons: physiology,Psychological,Visual Perception,Visual Perception: physiology},
	mendeley-groups = {Machine learning/Perception},
	number = {14},
	pages = {8520--5},
	pmid = {12829797},
	title = {{A neuronal network model linking subjective reports and objective physiological data during conscious perception}},
	url = {http://www.pubmedcentral.nih.gov/articlerender.fcgi?artid=166261{\&}tool=pmcentrez{\&}rendertype=abstract},
	volume = {100},
	year = {2003}
}

@article{Sokolov2004,
	author = {Соколов, Е. Н.},
	file = {:C$\backslash$:/Users/sanek/Documents/Mendeley Desktop/Психология. Журнал Высшей школы экономики/2004/Соколов - 2004.pdf:pdf},
	journal = {Психология. Журнал Высшей школы экономики},
	language = {russian},
	mendeley-groups = {Cogntive approach/Cognitive modelling/Consiousness},
	number = {2},
	pages = {3--15},
	title = {{Нейроны сознания}},
	volume = {1},
	year = {2004}
}

@ONLINE{NUM2014,
	author = "{Numenta}",
	title = "Applications",
	year = "2014",
	url = "https://www.numenta.com/",
	urldate = "02.11.2016"	
}

@article{Sergin2008,
	author = {Sergin, A. V. and Sergin, V. Ya.},
	journal = {Neural Network World},
	mendeley-groups = {Cogntive approach/Cognitive modelling/Learning},
	number = {3},
	pages = {227--244},
	title = {{Model of perception: The hierarchy of inclusive sensory characteristics and top-down cascade transfer of excitation}},
	volume = {18},
	year = {2008}
}

@article{Sergin2009,
	author = {Сергин, В. Я.},
	journal = {Успехи физиологических наук},
	mendeley-groups = {Cogntive approach/Cognitive modelling/Learning},
	number = {4},
	pages = {42--63},
	title = {{Психофизиологические механизмы восприятия: концепция объемлющих сенсорных характеристик}},
	volume = {40},
	language = {russian},
	year = {2009}
}

@article{Sergin2011,
	author = {Сергин, В. Я.},
	journal = {Психологический журнал Международного университета природы, общества и человека {\textless}{\textless}Дубна{\textgreater}{\textgreater}},
	mendeley-groups = {Cogntive approach/Cognitive modelling/Consiousness},
	number = {2},
	pages = {7--34},
	language = {russian},
	title = {{Сознание и мышление: нейробиологические механизмы}},
	year = {2011}
}

@article{Vartanov2011,
	author = {Вартанов, А. В.},
	file = {:C$\backslash$:/Users/sanek/Documents/Mendeley Desktop/Нейрокомпьютеры разработка, применение/2011/Вартанов - 2011.pdf:pdf},
	journal = {Нейрокомпьютеры: разработка, применение},
	keywords = {coding,consciousness,meaning,semantics,sign},
	language = {russian},
	mendeley-groups = {Cogntive approach/Cognitive modelling/General},
	number = {12},
	pages = {54--64},
	title = {{Механизмы семантики: человек - нейрон - модель}},
	year = {2011}
}

@article{Chernavsky2012a,
	author = {Чернавская, О. Д. and Чернавский, Д. С. and Карп, В. П. and Никитин, А. П. and Рожило, Я. А.},
	file = {:C$\backslash$:/Users/sanek/Documents/Mendeley Desktop/Сложные системы/2012/Чернавская et al. - 2012(2).pdf:pdf},
	journal = {Сложные системы},
	language = {russian},
	mendeley-groups = {Cogntive approach/Cognitive modelling/General},
	number = {3},
	pages = {46--65},
	title = {{Процесс мышления в контексте динамической теории информации. Часть II: понятие <<образ>> и <<символ>> как инструменты моделирования процесса мышления средствами нейрокомпьютинга}},
	volume = {2},
	year = {2012}
}

@book{Baars1988,
	address = {New York},
	author = {Baars, Bernard J.},
	mendeley-groups = {Cogntive approach/Cognitive modelling/Consiousness},
	publisher = {Cambridge University Press},
	title = {{A cognitive theory of consciousness}},
	year = {1988}
}

@article{Baars2005a,
	author = {Baars, Bernard J.},
	journal = {Progress in Brain Research},
	mendeley-groups = {Cogntive approach/Cognitive modelling/Consiousness},
	pages = {45--53},
	title = {{Global workspace theory of consciousness: toward a cognitive neuroscience of human experience}},
	volume = {150},
	year = {2005}
}

@article{Franklin1999,
	author = {Franklin, S. and Graesser, A.},
	journal = {Conscious Cognition},
	mendeley-groups = {Cogntive approach/Cognitive modelling/Consiousness},
	number = {8},
	pages = {285--301},
	title = {{A software agent model of consciousness}},
	year = {1999}
}

@article{Chun1995,
	author = {Chun, M. M. and Potter, M. C.},
	journal = {Journal of Experimental Psychology: Human Perception and Performance},
	mendeley-groups = {Cogntive approach/Neurophisiology},
	number = {21},
	pages = {109--127},
	title = {{A two-stage model for multiple target detection in rapid serial visual presentation}},
	year = {1995}
}

@article{Lamme2000,
	author = {Lamme, V. A. and Roelfsema, P. R.},
	journal = {Trends Neuroscience},
	mendeley-groups = {Cogntive approach/Neurophisiology},
	number = {11},
	pages = {571--579},
	title = {{The distinct modes of vision offered by feedforward and recurrent processing}},
	volume = {23},
	year = {2000}
}

@article{Felleman1991,
	author = {Felleman, D. J. and van Essen, D. C.},
	journal = {Cerebral Cortex},
	mendeley-groups = {Cogntive approach/Brain modelling/Cortex},
	number = {1},
	pages = {1--47},
	title = {{Distributed hierarchical processing in the primate cerebral cortex}},
	volume = {1},
	year = {1991}
}

@article{Llinas1998a,
	author = {Llinas, R. and Ribary, U. and Contreras, D. and Pedroarena, C.},
	journal = {Philosophical transactions of the Royal Society of London. Series B. Biological sciences},
	mendeley-groups = {Cogntive approach/Cognitive modelling/Consiousness},
	number = {353},
	pages = {1841--1849},
	title = {{The neuronal basis for consciousness}},
	year = {1998}
}

@article{Raymond1992,
	author = {Raymond, J. E. and Shapiro, K. L.},
	journal = {Journal of Experimental Psychology: Human Perception and Performance},
	mendeley-groups = {Cogntive approach/Cognitive modelling/Attention},
	number = {18},
	pages = {849--860},
	title = {{Temporary suppression of visual processing in an RSVP task: an attentional blink?}},
	year = {1992}
}

@article{George2005,
	abstract = {We describe a hierarchical model of invariant visual pattern recognition in the visual cortex. In this model, the knowledge of how patterns change when objects move is learned and encapsulated in terms of high probability sequences at each level of the hierarchy. Configuration of object parts is captured by the patterns of coincident high probability sequences. This knowledge is then encoded in a highly efficient Bayesian Network structure.The learning algorithm uses a temporal stability criterion to discover object concepts and movement patterns. We show that the architecture and algorithms are biologically plausible. The large scale architecture of the system matches the large scale organization of the cortex and the micro-circuits derived from the local computations match the anatomical data on cortical circuits. The system exhibits invariance across a wide variety of transformations and is robust in the presence of noise. Moreover, the model also offers alternative explanations for various known cortical phenomena.},
	author = {George, Dileep and Hawkins, Jeff},
	doi = {10.1109/IJCNN.2005.1556155},
	file = {:C$\backslash$:/Users/sanek/Documents/Mendeley Desktop/Proceedings of the IEEE International Joint Conference on Neural Networks (IJCNN)/2005/George, Hawkins - 2005.pdf:pdf},
	isbn = {0780390482},
	journal = {Proceedings of the IEEE International Joint Conference on Neural Networks (IJCNN)},
	keywords = {Bayes methods,Bayesian model,Bayesian network structure,anatomical data,belief networks,cortical circuit,cortical phenomena,htm,invariant visual pattern recognition,large scale architecture,learning (artificial intelligence),learning algorithm,micro-circuits,movement pattern,neural nets,object concept,pattern recognition,probability,probability sequence,temporal stability,visual cortex},
	mendeley-groups = {Cogntive approach/Brain modelling/Cortex},
	mendeley-tags = {htm},
	pages = {1812--1817},
	pmid = {1556155},
	title = {{A hierarchical Bayesian model of invariant pattern recognition in the visual cortex}},
	volume = {3},
	year = {2005}
}

@inproceedings{Osipov1995,
	address = {Columbus},
	author = {Osipov, G. S.},
	booktitle = {Proceedings of Workshop on Russian Situation Control and Cybernetic/Semiotic Modeling},
	keywords = {osipov},
	mendeley-groups = {Cogntive approach/Cognitive computer modeling},
	mendeley-tags = {osipov},
	pages = {51--72},
	publisher = {Battelle},
	title = {{Semiotic Modeling: An Overview}},
	year = {1995}
}

@article{Pospelov1996,
	author = {Поспелов, Д. А.},
	file = {:C$\backslash$:/Users/sanek/Documents/Mendeley Desktop/Программные продукты и системы/1996/Поспелов - 1996.pdf:pdf},
	journal = {Программные продукты и системы},
	language = {russian},
	mendeley-groups = {Cogntive approach/Cognitive computer modeling},
	number = {3},
	pages = {10--13},
	title = {{Прикладная семиотика и искусственный интеллект}},
	year = {1996}
}

@article{Erlich1997,
	author = {Эрлих, А. И.},
	file = {:C$\backslash$:/Users/sanek/Documents/Mendeley Desktop/Программные продукты и системы/1997/Эрлих - 1997.pdf:pdf},
	journal = {Программные продукты и системы},
	language = {russian},
	mendeley-groups = {Cogntive approach/Cognitive computer modeling},
	number = {3},
	title = {{Прикладная семиотика и управление сложными объектами}},
	year = {1997}
}

@article{Osipov1999,
	author = {Осипов, Г. С. and Поспелов, Д. А.},
	file = {:C$\backslash$:/Users/sanek/Documents/Mendeley Desktop/Новости искусственного интеллекта/1999/Осипов, Поспелов - 1999.pdf:pdf},
	journal = {Новости искусственного интеллекта},
	keywords = {osipov},
	language = {russian},
	mendeley-groups = {Cogntive approach/Cognitive computer modeling},
	mendeley-tags = {osipov},
	number = {1},
	pages = {9--35},
	title = {{Прикладная семиотика}},
	year = {1999}
}

@inproceedings{Osipov2000a,
	address = {Berlin},
	author = {Osipov, G. S.},
	booktitle = {Proceedings of the Workshop ``Applied Semiotics: Control Problems (ASC 2000)''. 14th European Conference of Artificial Intelligence (ECAI2000)},
	mendeley-groups = {Cogntive approach/Cognitive computer modeling},
	pages = {1--4},
	publisher = {IOS Press},
	title = {{Origines of Applied Semiotics}},
	year = {2000}
}

@article{Osipov2002c,
	author = {Осипов, Г. С.},
	file = {:C$\backslash$:/Users/sanek/Documents/Mendeley Desktop/Новости искусственного интеллекта/2002/Осипов - 2002.pdf:pdf},
	journal = {Новости искусственного интеллекта},
	keywords = {osipov},
	language = {russian},
	mendeley-groups = {Cogntive approach/Cognitive computer modeling},
	mendeley-tags = {osipov},
	number = {6},
	pages = {3--7},
	title = {{От ситуационного управления к прикладной семиотике}},
	year = {2002}
}

@article{Osipov2002d,
	author = {Осипов, Г. С. and Поспелов, Д. А.},
	journal = {Новости искусственного интеллекта},
	keywords = {osipov},
	language = {russian},
	mendeley-groups = {Cogntive approach/Cognitive computer modeling},
	mendeley-tags = {osipov},
	number = {6},
	pages = {28--35},
	title = {{Введение в прикладную семиотику. Глава 5. Операции в семиотических базах знаний.}},
	year = {2002}
}

@article{Pospelov1976,
	author = {Поспелов, Д. А.},
	journal = {Кибернетика},
	language = {russian},
	mendeley-groups = {Cogntive approach/Cognitive computer modeling},
	number = {6},
	pages = {114--123},
	title = {{Семиотические модели: успехи и перспективы}},
	year = {1976}
}

@book{Frege2000,
	address = {М.},
	author = {Фреге, Готтлоб},
	editor = {Кузичева, З. А.},
	file = {:C$\backslash$:/Users/sanek/Documents/Mendeley Desktop/Unknown/2000/Фреге - 2000.pdf:pdf},
	keywords = {semiotics},
	language = {russian},
	mendeley-groups = {Artifial Intelligence/Logic},
	mendeley-tags = {semiotics},
	pages = {512},
	publisher = {Аспект Пресс},
	title = {{Логика и логическая семантика: Сборник трудов}},
	translator = {Бирюков, Б. В.},
	year = {2000}
}

@book{Pierce2000a,
	address = {СПб.},
	author = {Пирс, Ч. С.},
	file = {:C$\backslash$:/Users/sanek/Documents/Mendeley Desktop/Unknown/2000/Пирс - 2000.pdf:pdf},
	isbn = {5893292596},
	keywords = {semiotics},
	language = {russian},
	mendeley-groups = {Artifial Intelligence/Logic},
	mendeley-tags = {semiotics},
	pages = {318},
	publisher = {Алетейя},
	title = {{Начала прагматизма}},
	translator = {Кирющенко, В. В. and Колопотина, М. В.},
	volume = {I},
	year = {2000}
}

@book{Dulin2005,
	address = {М.},
	author = {Дулин, С. К.},
	language = {russian},
	mendeley-groups = {Artifial Intelligence/Knowledge representation},
	pages = {136},
	publisher = {Вычислительный центр им. А.А. Дородницына РАН},
	title = {{Введение в теорию структурной согласованности}},
	year = {2005}
}
@book{kuzreview1,
	author    = {Абраменкова, В.В.},
	title     = {Социальная психология детства},
	publisher = {ПЕР СЭ},
	year      = 2008,
	language = "russian",
	address   = {М.}
}


@book{kuzreview2,
	author    = {Адамьянц, Т.З.},
	title     = {Социальные коммуникации},
	publisher = {Дрофа},
	year      = 2009,
	language = "russian",
	address   = {М.}
}


@book{kuzreview3,
	author    = {Апресян, Ю.Д.},
	title     = {Избранные труды},
	publisher = {Языки русской культуры},
	year      = 1995,
	language = "russian",
	volume = {I},
	address   = {М.}
}


@phdthesis{kuzreview4,
	author       = {Бабаева, Е.В.},
	title        = {Лингвокультурологические характеристики русской и немецкой аксиологических картин мира},
	year         = 2004,
	language = "russian",
	address      = {Волгоград}
}


@phdthesis{kuzreview5,
	author       = {Бацанова, С.В.},
	title        = {Философско-культурологический анализ субкультурных аспектов гендерной картины мира},
	year         = 2007,
	language = "russian",
	address      = {Белгород}
}


@article{kuzreview6,
	author  = {Власова, Е.А.},
	title   = {Соотношение понятий <<язык>>, <<культура>> и <<картина мира>>},
	journal = {Филологические науки. Вопросы теории и практики},
	year    = 2012,
	issue  = 7,
	language = "russian",
	pages   = {61-65}
}


@article{kuzreview7,
	author  = {Воронцова, Е.},
	title   = {Понятие визуальной картины мира},
	journal = {Аналитика культурологии},
	year    = 2012,
	issue  = 24,
	language = "russian",
	pages   = {16-27}
}


@article{kuzreview8,
	author  = {Воротников, Ю.Л.},
	title   = {<<Языковая картина мира>>: трактовка понятия},
	journal = {Информационный гуманитарный портал <<Знание. Понимание. Умение>>},
	year    = 2006,
	issue  = 2,
	language = "russian",
	pages   = {88-90}
}


@phdthesis{kuzreview9,
	author       = {Гайдуков, В.Н.},
	title        = {Прогностическая и методологическая функции научной картины мира},
	year         = 1984,
	language = "russian",
	address      = {Л.}
}


@phdthesis{kuzreview10,
	author       = {Гербачевская, Н.В.},
	title        = {Представленность проблемы <<человек и общество>> в социальной картине мира современной молодежи},
	year         = 2006,
	language = "russian",
	address      = {СПб.}
}


@phdthesis{kuzreview11,
	author       = {Гирин, Ю.Н.},
	title        = {Литература в системе культуры авангарда},
	year         = 2013,
	language = "russian",
	address      = {М.}
}


@phdthesis{kuzreview12,
	author       = {Гойман, А.А.},
	title        = {Некоторые аспекты картины мира человека Древней Руси},
	year         = 2001,
	language = "russian",
	address      = {Ярославль}
}


@article{kuzreview13,
	author  = {Гончарова, Н.Н.},
	title   = {Языковая картина мира как объект лингвистического описания},
	journal = {Известия ТулГУ. Гуманитарные науки},
	year    = 2012,
	issue  = 2,
	pages   = {396-405}
}


@phdthesis{kuzreview14,
	author       = {Гореликов, Л.А.},
	title        = {Идея целостности в основаниях современной научной картины мира: социально-исторический подход},
	year         = 2006,
	language = "russian",
	address      = {В.Новгород}
}


@book{kuzreview15,
	author    = {Гуревич, А.Я.},
	title     = {Категории средневековой культуры},
	publisher = {Искусство},
	year      = 1984,
	language = "russian",
	address   = {М.}
}


@article{kuzreview16,
	author  = {Даниленко, В.П.},
	title   = {Языковая картина мира в теории Л.Вайсгербера},
	journal = {Филология и человек},
	year    = 2009,
	language = "russian",
	issue  = 1
}


@article{kuzreview17,
	author  = {Данилова, В.С. and Кожевников, Н.Н.},
	title   = {Основания географической картины мира},
	journal = {Вестник Северо-Восточного федерального университета им. М.К. Аммосова},
	year    = 2008,
	language = "russian",
	issue  = 1,
	pages   = {68-72}
}


@phdthesis{kuzreview18,
	author       = {Ермак, Е.А.},
	title        = {Геометрическая составляющая естественнонаучной картины мира старшеклассников},
	year         = 2005,
	language = "russian",
	address      = {СПб.}
}


@article{kuzreview19,
	author  = {Захарова, Т.В.},
	title   = {Концепт как основная единица языковой картины мира},
	journal = {Фэн-наука},
	year    = 2012,
	language = "russian",
	issue  = 2,
	pages   = {42-44}
}


@phdthesis{kuzreview20,
	author       = {Иванов, С.Ю.},
	title        = {Картина мира: опыт логико-философского анализа},
	year         = 2004,
	language = "russian",
	address      = {Магнитогорск}
}


@article{kuzreview21,
	author  = {Исаева, Л.А. and Казарина, Н.Б.},
	title   = {Спортивный дискурс: дискретизация континуума},
	journal = {Вестник Адыгейского государственного университета. Сер. 2: Филология и искусствоведение},
	year    = 2012,
	language = "russian",
	issue  = 2,
	pages   = {188-191}
}


@phdthesis{kuzreview22,
	author       = {Кабановская, Е.Ю.},
	title        = {Психолингвистические механизмы выражения эмоций в картине мира личности},
	year         = 2004,
	language = "russian",
	address      = {Чита}
}


@article{kuzreview23,
	author  = {Кадырова, Г.Р.},
	title   = {Теоретические подходы к понятию <<поля>> в лингвистике},
	journal = {Международный журнал прикладных и фундаментальных исследований},
	year    = 2014,
	language = "russian",
	issue  = {12-2},
	pages   = {237-241}
}


@article{kuzreview24,
	author  = {Калашников, В.Г.},
	title   = {Языковая картина мира как психологический контекст},
	journal = {Известия Самарского научного центра РАН},
	year    = 2010,
	language = "russian",
	issue  = {5-2},
	pages   = {426-429}
}


@incollection{kuzreview25,
	author       = {Карасик, В.И.},
	title        = {О категориях дискурса},
	booktitle    = {Тверской лингвистический меридиан: Сб. ст.},
	publisher    = {Изд-во Твер. гос. ун-та},
	year         = 2007,
	language = "russian",
	address      = {Тверь}
}


@article{kuzreview26,
	author  = {Карпин, В.А.},
	title   = {Современная научная картина мира и система философско-методологических принципов построения научной теории в биологии и медицине},
	journal = {Вестн. Том. гос. ун-та},
	year    = 2007,
	language = "russian",
	issue  = 297,
	pages   = {61-65}
}


@incollection{kuzreview29,
	author       = {Крумин, А.А.},
	title        = {Взаимосвязь акцентуации характера и картины мира личности},
	booktitle    = {Материалы Международной научно-практической конференции молодых ученых <<Психология XXI века>> 22-24 апреля 2010 года. Санкт-Петербург},
	editor = {О.Ю.Щелковой},
	pages        = {381-383},
	publisher    = {Изд-во С.-Петерб. ун-та},
	year         = 2010,
	language = "russian",
	address      = {СПб.}
}


@article{kuzreview30,
	author  = {Кубанова, Т.А.},
	title   = {Картина мира как философское понятие и мировоззренческая система взглядов: история и перспективы изучения},
	journal = {Общество. Среда. Развитие (Terra Humana)},
	year    = 2011,
	language = "russian",
	issue  = 1,
	pages   = {189-193}
}


@phdthesis{kuzreview31,
	author       = {Кудрявцева, О.А.},
	title        = {Гуманитарная картина мира в системе современного знания: философско-методологический аспект},
	year         = 2004,
	language = "russian",
	address      = {Барнаул}
}


@article{kuzreview32,
	author  = {Кузнецова, Т.Ф.},
	title   = {Картина мира},
	journal = {Информационный гуманитарный портал <<Знание. Понимание. Умение>>. Культурология},
	year    = 2008,
	issue  = 4
}


@article{kuzreview33,
	author  = {Кузнецова, Ю.М.},
	title   = {Враждебная картина мира родителей и поведенческие особенности ребенка},
	journal = {Форум агрессологии. Ежегодник Российского психологического общества},
	year    = 2012,
	language = "russian",
	issue  = 3,
	pages   = {26-42}
}


@phdthesis{kuzreview34,
	author       = {Кулик, А.А.},
	title        = {Картина мира лиц, переживших землетрясение},
	year         = 2008,
	language = "russian",
	address      = {Хабаровск}
}


@article{kuzreview35,
	author  = {Лебедев, С.А.},
	title   = {Уровни научного знания},
	journal = {Впор. филос.},
	year    = 2010,
	language = "russian",
	issue  = 1,
	pages   = {62-75}
}


@book{kuzreview36,
	author    = {Лотман, Ю.М.},
	title     = {Внутри мыслящихмиров. Человек "--- текст "--- семиосфера "--- история},
	publisher = {<<Языки русской культуры>>},
	year      = 1996,
	language = "russian",
	address   = { М.}
}


@phdthesis{kuzreview37,
	author       = {Луков, А.В.},
	title        = {<<Картины мира>> молодежи как результат культурной социализации в условиях становления глобальных систем коммуникации},
	year         = 2007,
	language = "russian",
	address      = {М.}
}


@book{kuzreview38,
	author    = {Лурье, С.В.},
	title     = {Историческая этнология},
	publisher = {Аспект Пресс},
	year      = 1997,
	language = "russian",
	address   = {М.}
}


@book{kuzreview39,
	author    = {Макиенко, М.А. and Фадеева, В.Н.},
	title     = {Современная научная картина мира: учебное пособие},
	publisher = {Изд-во Томского политехнического университета},
	year      = 2013,
	language = "russian",
	address   = {Томск}
}


@phdthesis{kuzreview40,
	author       = {Максимова, Л.И.},
	title        = {Формирование эколого-гуманистической картины мира у детей старшего дошкольного возраста},
	year         = 2003,
	language = "russian",
	address      = {Якутск}
}


@phdthesis{kuzreview41,
	author       = {Максимчук, Н.А.},
	title        = {Нормативно-научная картина русской языковой личности в комплексном лингвистическом рассмотрении},
	year         = 2002,
	language = "russian",
	address      = {М.}
}


@phdthesis{kuzreview42,
	author       = {Мансурова, В.Д.},
	title        = {Журналистская картина мира как тип социокультурной реальности},
	year         = 2003,
	language = "russian",
	address      = {Барнаул}
}


@phdthesis{kuzreview43,
	author       = {Марычев, В.В.},
	title        = {научная картина мира в культуре современного общества},
	year         = 2004,
	language = "russian",
	address      = {Ставрополь}
}


@book{kuzreview44,
	author    = {Маслова, В.А.},
	title     = {Введение в когнитивную лингвистику},
	publisher = {Академия},
	year      = 2001,
	language = "russian",
	address   = {М.}
}


@phdthesis{kuzreview45,
	author       = {Мельникова, Е.В.},
	title        = {Перцептивная картина мира И.А.Бродского: лингвокогнитивный аспект},
	year         = 2010,
	language = "russian",
	address      = {Череповец}
}


@book{kuzreview46,
	author    = {Моисеева, С.А.},
	title     = {Семантическое поле глаголов восприятия в западно-романских языках},
	publisher = {Изд-во БелГУ},
	year      = 2005,
	language = "russian",
	address   = {Белгород}
}


@incollection{kuzreview47,
	author       = {Небольсина, П.А.},
	title        = {Языковая картина мира: определение понятия},
	booktitle    = {XV Ежегодная богословская конференция ПСТГУ},
	volume = {2},
	pages        = {302-306},
	publisher    = {Изд-во ПСТГУ},
	year         = 2005,
	language = "russian",
	address      = {М.}
}


@article{kuzreview48,
	author  = {Новикова, Н.С. and Черемисина, Н.В.},
	title   = {Многомирие в реалии и общая типология языковых картин мира},
	journal = {Филологические науки},
	year    = 2000,
	language = "russian",
	issue  = 1,
	pages   = {40-49}
}


@incollection{kuzreview50,
	author       = {Нурхаметов, Е.Н.},
	title        = {Роль эмоции в создании картины мира художественного текста},
	booktitle    = {Текст как отображение картины мира. Сборник научных трудов},
	publisher    = {Московский гос. Институт иностранных языков имени Мориса Тореза},
	year         = 1989,
	language = "russian",
	address      = {М.}
}


@article{kuzreview51,
	author  = {Огдонова, Ц.Ц.},
	title   = {Лингвокогнитивный аспект интерпретации научного концепта},
	journal = {Вестник ЧелГУ},
	year    = 2010,
	language = "russian",
	issue  = 34,
	pages   = {81-85}
}


@phdthesis{kuzreview52,
	author       = {Орионова, В.В.},
	title        = {Философские основания концептуализации гендерной картины мира},
	year         = 2003,
	language = "russian",
	address      = {Тамбов}
}


@phdthesis{kuzreview53,
	author       = {Панкратова, Е.А.},
	title        = {Формирование правовой картины мира у студентов юридических специальностей средствами иностранного языка: на материале английского языка},
	year         = 2004,
	language = "russian",
	address      = {Н.Новгород}
}


@article{kuzreview54,
	author  = {Первушина, О.В.},
	title   = {Концепт <<картина мира>> в системе культурологи и социально-гуманитарных науках},
	journal = {Мир науки, культуры, образования,},
	year    = 2008,
	language = "russian",
	issue  = 5,
	pages   = {148-153}
}


@phdthesis{kuzreview55,
	author       = {Полторацкая, Л.А.},
	title        = {Искусство в пространстве художественной картины мира},
	year         = 2009,
	language = "russian",
	address      = {Краснодар}
}


@incollection{kuzreview56,
	author       = {Постовалова, В.И.},
	title        = {Картина мира в жизнедеятельности человека},
	booktitle    = {Роль человеческого фактора в языке: Язык и картина мира},
	editor = {Б.А.Серебренников},
	pages        = {8-70},
	publisher    = {Наука},
	year         = 1998,
	language = "russian",
	address      = {М.}
}


@phdthesis{kuzreview57,
	author       = {Рогозина, И.В.},
	title        = {Медиа-картина мира: когнитивно-семиотический аспект},
	year         = 2003,
	language = "russian",
	address      = {Барнаул}
}


@book{kuzreview58,
	author    = {Руднев, В.П.},
	title     = {Словарь культуры ХХ века},
	publisher = {Аграф},
	year      = 1999,
	language = "russian",
	address   = {М.}
}


@article{kuzreview60,
	author  = {Седых, А.П. and Сосоенко, С.С.},
	title   = {Языковая и спортивная картины мира},
	journal = {Научный результат. Серия <<Вопросы теоретической и прикладной лингвистики>>},
	year    = 2014,
	language = "russian",
	issue  = 2,
	pages   = {44-48}
}


@phdthesis{kuzreview61,
	author       = {Сербиновская, Н.В.},
	title        = {Формирование и развитие терминологического поля <<маркетинг>> в русском языке},
	year         = 2008,
	language = "russian",
	address      = {Ростов-на-Дону}
}


@book{kuzreview62,
	author    = {Серебренников, Б.А.},
	title     = {Роль человеческого фактора в языке: Язык и мышление},
	editor = {В.М. Солнцев},
	publisher = {Наука},
	year      = 1988,
	language = "russian",
	address   = {М.}
}


@article{kuzreview63,
	author  = {Силанова, М.А.},
	title   = {Медиатизация юридического дискурса},
	journal = {Медиаскоп},
	year    = 2014,
	language = "russian",
	issue  = 4
}


@phdthesis{kuzreview65,
	author       = {Солнцева, Н.В.},
	title        = {Ценностно-смысловая организация картины мира личности выходцев из семей с алкогольной зависимостью},
	year         = 2005,
	language = "russian",
	address      = {СПб.}
}


@incollection{kuzreview66,
	author       = {Спиркин, А.Г.},
	title        = {Мировоззрение},
	booktitle    = {Философский энциклопедический словарь},
	pages        = {375-376},
	publisher    = {Советская энциклопедия},
	year         = 1973,
	language = "russian",
	address      = {М.}
}


@book{kuzreview68,
	author    = {Стернин, И.А.},
	title     = {Лексическое значение слова в речи},
	publisher = {Изд-во Воронежского ун-та},
	year      = 1985,
	language = "russian",
	address   = {Воронеж}
}


@phdthesis{kuzreview69,
	author       = {Стручаев, М.В.},
	title        = {Человек и антропологические измерения семантико-информационной картины мира},
	year         = 2006,
	language = "russian",
	address      = {Белгород}
}


@phdthesis{kuzreview70,
	author       = {Тимофеева, А.М.},
	title        = {Сопоставительное исследование лингвоцветовых картин мира: на материале идиолектов Н.Заболоцкого и Р.Фроста},
	year         = 2003,
	language = "russian",
	address      = {Тюмень}
}


@incollection{kuzreview71,
	author       = {Уфимцева, А.А.},
	title        = {Роль лексики в познании человеком действительности и в формировании языковой картины мира},
	booktitle    = {Роль человеческого фактора в языке: Язык и картина мира},
	editor = {Б.А. Серебренников},
	pages        = {108-140},
	publisher    = {Наука},
	year         = 1988,
	language = "russian",
	address      = {М.}
}


@book{kuzreview72,
	author    = {Флиер, А.Я.},
	title     = {Культурология для культурологов},
	publisher = {Академический Проект},
	year      = 2002,
	language = "russian",
	address   = {М.}
}


@book{kuzreview73,
	author    = {Хабибуллин, К.Н. and Коробов, В.Б. and Луговой, А.А.},
	title     = {Философия науки и техники: Конспект лекций для адъюнктов и аспирантов},
	publisher = {Высшее образование},
	year      = 2008,
	language = "russian",
	address   = {М.}
}


@phdthesis{kuzreview74,
	author       = {Халимулина, Р.С.},
	title        = {Мифологическая картина мира: гносеологический аспект},
	year         = 2008,
	language = "russian",
	address      = {Оренбург}
}


@article{kuzreview75,
	author  = {Цибулевский, А.Ю.},
	title   = {Биологические системы в современной естественнонаучной картине мира (Часть I)},
	journal = {Успехи современного естествознания},
	year    = 2008,
	language = "russian",
	issue  = 4,
	pages   = {2}
}


@article{kuzreview76,
	author  = {Цой, Л.Н.},
	title   = {<<Будущее>> как социологическое понятие},
	journal = {Мир психологии: научно-методический журнал},
	year    = 2013,
	language = "russian",
	issue  = 2,
	pages   = {120-134}
}


@article{kuzreview77,
	author  = {Черепанова, О.В. and Максимова, С.Г. and Демина, Л.Д. and Максимов, М.Б.},
	title   = {Специфика анализа межпоколенных стереотипов психосемантическим методом <<множественных идентификаций>> (поведенческий аспект формирования установок)},
	journal = {Известия АлтГУ},
	year    = 2007,
	language = "russian",
	issue  = 2,
	pages   = {32-36}
}


@book{kuzreview78,
	author    = {Шмаков, В.С.},
	title     = {Структура исторического знания и картина мира},
	publisher = {<<Наука>>},
	year      = 1990,
	language = "russian",
	address   = {Новосибирск}
}


@phdthesis{kuzreview79,
	author       = {Шубина, А.С.},
	title        = {Образ семьи в картине мира детей, оставшихся без попечения родителей},
	year         = 2009,
	language = "russian",
	address      = {Волгоград}
}


@article{kuzreview80,
	author  = {Шуталева, А.В.},
	title   = {Синергетика и современная геологическая картина мира},
	journal = {Вестник БГУ},
	year    = 2011,
	language = "russian",
	issue  = 6,
	pages   = {36-39}
}


@phdthesis{kuzreview81,
	author       = {Юлаев, Д.Ф.},
	title        = {Бессознательное и картина мира: сущность, структура и взаимодействие},
	year         = 2005,
	language = "russian",
	address      = {Пермь}
}


@article{kuzreview82,
	author  = {Яковлева, Е.А.},
	title   = {Проблема единства научной, религиозной и философской картин мира},
	journal = {Известия ИГЭА},
	year    = 2006,
	language = "russian",
	issue  = 4,
	pages   = {98-101}
}


@article{kuzreview83,
	author  = {Ястребова, Г.А.},
	title   = {Педагогическая картина мира: методологические основы исследования профессиональной концептосферы учителя},
	journal = {Известия ВГПУ},
	year    = 2006,
	language = "russian",
	issue  = 4,
	pages   = {4-7}
}


@article{kuzreview84,
	author  = {Чудова, Н.В.},
	title   = {Концептуальное описание картины мира для задачи моделирования поведения, основанного на сознании},
	journal = {Искусственный интеллект и принятие решений},
	year    = 2012,
	language = "russian",
	issue  = 2,
	pages   = {51-62}
}

@ONLINE{kuzreview27,
	author = "{Кожемякин, Е.А. and Кротков, Е.А.}",
	title = "Научный дискурс",
	year = "2015",
	url = "http://www.madipi.ru/index.php?option=com_content&view=article&id=137:2011-01-08-15-12-18&catid=147:2011-01-08-15-00-59",
	urldate = "02.11.2016",
	language = "russian"	
}

@ONLINE{kuzreview28,
	author = "{Кротков, Е.А.}",
	title = "Научный дискурс: философско-методологический анализ // Электронный журнал <<Современный дискурс-анализ>>. 2015. Выпуск 13",
	year = "2015",
	url = "http://discourseanalysis.org/ada13/st87.shtml",
	urldate = "02.11.2016",
	language = "russian"	
}

@ONLINE{kuzreview49,
	author = "{Новикова-Грунд, М.В.}",
	title = "Отображения индивидуальной картины мира человека на его тексты. Карта индивидуальной картины мира // Психологические Науки. Март 2013",
	year = "2013",
	url = "http://research-journal.org/psycology/otobrazheniya-individualnoj-kartiny-mira-cheloveka-na-ego-teksty-karta-individualnoj-kartiny-mira/",
	urldate = "02.11.2016",
	language = "russian"	
}

@ONLINE{kuzreview59,
	author = "{Садовская, А.В.}",
	title = "Понятие враждебности. Основные направления и методы исследования враждебности",
	year = "1998",
	url = "http://www.psychology.ru/lomonosov/tesises/fk.htm",
	urldate = "02.11.2016",
	language = "russian"	
}

@incollection{kuzreview64,
	author       = {Солдатов, А.В.},
	title        = {Проблемы моделирования мироздания в современной культуре},
	booktitle    = {Философия и методология науки: Тез. науч. конф., Санкт-Петербург, 23-24 мая 1995 г.},
	pages        = {12},
	year         = 1995,
	language = "russian",
	address      = {Спб.}
}

@incollection{kuzreview67,
	author       = {Степин, В.С.},
	title        = {Научная картина мира},
	booktitle    = {Новая философская энциклопедия. В 4 т.},
	year         = 2010,
	language = "russian",
	address      = {М.}
}

@book{Tikhomirov2002,
	address = {М.},
	author = {Тихомиров, О. К.},
	language = {russian},
	mendeley-groups = {Cogntive approach/Psychology},
	pages = {288},
	publisher = {Изд-во МГУ},
	title = {{Психология мышления}},
	year = {2002}
}

@article{Harnad1990,
	archivePrefix = {arXiv},
	arxivId = {arXiv:cs.AI/9906002},
	author = {Harnad, Stevan},
	doi = {10.4249/scholarpedia.2373},
	eprint = {9906002},
	file = {:C$\backslash$:/Users/sanek/Documents/Mendeley Desktop/Physica/1990/Harnad - 1990.pdf:pdf},
	isbn = {0167-2789},
	issn = {01672789},
	journal = {Physica},
	keywords = {symb{\_}ground},
	mendeley-groups = {Cogntive approach/Symbol grounding},
	mendeley-tags = {symb{\_}ground},
	pages = {335--346},
	primaryClass = {arXiv:cs.AI},
	title = {{Symbol Grounding Problem}},
	url = {http://eprints.soton.ac.uk/271345/5/Harnad-CangelelosiComm.rtf},
	volume = {42},
	year = {1990}
}

@article{Barsalou1999,
	abstract = {Prior to the twentieth century, theories of knowledge were inherently perceptual. Since then, developments in logic, statistics, and programming languages have inspired amodal theories that rest on principles fundamentally different from those underlying perception. In addition, perceptual approaches have become widely viewed as untenable because they are assumed to implement recording systems, not conceptual systems. A perceptual theory of knowledge is developed here in the context of current cognitive science and neuroscience. During perceptual experience, association areas in the brain capture bottom-up patterns of activation in sensory-motor areas. Later, in a top-down manner, association areas partially reactivate sensory-motor areas to implement perceptual symbols. The storage and reactivation of perceptual symbols operates at the level of perceptual components--not at the level of holistic perceptual experiences. Through the use of selective attention, schematic representations of perceptual components are extracted from experience and stored in memory (e.g., individual memories of green, purr, hot). As memories of the same component become organized around a common frame, they implement a simulator that produces limitless simulations of the component (e.g., simulations of purr). Not only do such simulators develop for aspects of sensory experience, they also develop for aspects of proprioception (e.g., lift, run) and introspection (e.g., compare, memory, happy, hungry). Once established, these simulators implement a basic conceptual system that represents types, supports categorization, and produces categorical inferences. These simulators further support productivity, propositions, and abstract concepts, thereby implementing a fully functional conceptual system. Productivity results from integrating simulators combinatorially and recursively to produce complex simulations. Propositions result from binding simulators to perceived individuals to represent type-token relations. Abstract concepts are grounded in complex simulations of combined physical and introspective events. Thus, a perceptual theory of knowledge can implement a fully functional conceptual system while avoiding problems associated with amodal symbol systems. Implications for cognition, neuroscience, evolution, development, and artificial intelligence are explored.},
	author = {Barsalou, L. W.},
	doi = {10.1017/S0140525X99252144},
	file = {:C$\backslash$:/Users/sanek/Documents/Mendeley Desktop/The Behavioral and brain sciences/1999/Barsalou - 1999.pdf:pdf},
	isbn = {0140-525X},
	issn = {0140525X},
	journal = {The Behavioral and brain sciences},
	keywords = {analogue processing,and much more,categories,concepts,frames,imagery,images,in the power of,knowledge,much infe-,perception,psycho,pursuits makes learned men,representation,representations,rior to the average,sensory-motor,simulation,symbol grounding,symbol systems,the habit of abstract,visualization},
	mendeley-groups = {Cogntive approach/Symbol grounding},
	mendeley-tags = {psycho},
	number = {4},
	pages = {577--609; discussion 610--660},
	pmid = {11301525},
	title = {{Perceptual symbol systems}},
	volume = {22},
	year = {1999}
}

@incollection{Vygotsky2005,
	author = {Выготский, Л. С.},
	booktitle = {Психология развития человека},
	editor = {Бобко, С.},
	file = {:C$\backslash$:/Users/sanek/Documents/Mendeley Desktop/Психология развития человека/2005/Выготский - 2005.pdf:pdf},
	isbn = {5699137289},
	keywords = {Vygotsky2005,psycho},
	language = {russian},
	mendeley-groups = {Cogntive approach/Psychology},
	mendeley-tags = {psycho},
	pages = {664--1019},
	publisher = {Эксмо},
	title = {{Мышление и речь}},
	year = {2005}
}

@incollection{Albus2007,
	author = {Albus, James and Barbera, Anthony},
	booktitle = {Intelligent Vehicle Systems: A 4D/RCS Approach},
	isbn = {9781600212604},
	mendeley-groups = {Cogntive approach/Architectures},
	pages = {1--30},
	publisher = {Nova Science Publishers, Inc.},
	title = {{4D/RCS reference model architecture for unmanned ground vehicles}},
	url = {http://www.scopus.com/inward/record.url?eid=2-s2.0-84895238575{\&}partnerID=tZOtx3y1},
	year = {2007}
}

@article{Bonasso1997,
	abstract = {This paper describes an implementation of the 3T robot architecture which has been under development for the last eight years. The architecture uses three levels of abstraction and description languages which are compatible between levels. The makeup of the architecture helps to coordinate planful activities with real-time behaviours for dealing with dynamic environments. In recent years, other architectures have been created with similar attributes but two features distinguish the 3T architecture: (1) a variety of useful software tools have been created to help implement this architecture on multiple real robots; and (2) this architecture, or parts of it, have been implemented on a variety of very different robot systems using different processors, operating systems, effectors and sensor suites.},
	author = {Bonasso, Peter R. and Firby, Peter R. and Gat, Erann and Kortenkamp, David and Miller, David P. and Slack, Mark G.},
	doi = {10.1080/095281397147103},
	file = {:C$\backslash$:/Users/sanek/Documents/Mendeley Desktop/Journal of Experimental {\&} Theoretical Artificial Intelligence/1997/Bonasso et al. - 1997.pdf:pdf},
	isbn = {0952813971},
	issn = {0952-813X},
	journal = {Journal of Experimental {\&} Theoretical Artificial Intelligence},
	keywords = {cog{\_}arch},
	mendeley-groups = {Cogntive approach/Architectures},
	mendeley-tags = {cog{\_}arch},
	number = {2-3},
	pages = {237--256},
	title = {{Experiences with an architecture for intelligent, reactive agents}},
	url = {http://www.tandfonline.com/doi/abs/10.1080/095281397147103},
	volume = {9},
	year = {1997}
}

@article{Yakovlev2014,
	author = {Яковлев, К. С. and Хитьков, В. В. and Логинов, М. И. and Петров, А. В.},
	file = {:C$\backslash$:/Users/sanek/Documents/Mendeley Desktop/Робототехника и техническая кибернетика/2014/Яковлев et al. - 2014.pdf:pdf},
	journal = {Робототехника и техническая кибернетика},
	keywords = {autonomous navigation,distributed control system,local map,locali-,marker,qr-code,unmanned aerial vehicle},
	language = {russian},
	mendeley-groups = {Artifial Intelligence/Control systems},
	number = {3},
	pages = {44--48},
	title = {{Система навигации группы БЛА на основе маркеров}},
	year = {2014}
}

@article{Roy2005,
	author = {Roy, D.},
	doi = {10.1016/j.artint.2005.04.007},
	file = {:C$\backslash$:/Users/sanek/Documents/Mendeley Desktop/Artificial Intelligence/2005/Roy - 2005.pdf:pdf},
	issn = {00043702},
	journal = {Artificial Intelligence},
	keywords = {1,action,and consequently our ability,and the physical world,cross-modal,embodied,grounding,language,language and meaning,meaning,multimodal,perception,representation,schemas,semiotic,semiotics,situated,the relationship between words,to},
	mendeley-groups = {Cogntive approach/Symbol grounding},
	mendeley-tags = {semiotics},
	number = {1-2},
	pages = {170--205},
	title = {{Semiotic schemas: A framework for grounding language in action and perception}},
	url = {http://linkinghub.elsevier.com/retrieve/pii/S0004370205001037},
	volume = {167},
	year = {2005}
}

@book{Pierce2000b,
	address = {СПб.},
	author = {Пирс, Ч. С.},
	file = {:C$\backslash$:/Users/sanek/Documents/Mendeley Desktop/Unknown/2000/Пирс - 2000(2).pdf:pdf},
	isbn = {5893292782},
	keywords = {semiotics},
	language = {russian},
	mendeley-groups = {Artifial Intelligence/Logic},
	mendeley-tags = {semiotics},
	pages = {352},
	publisher = {Алетейя},
	title = {{Начала прагматизма}},
	translator = {Кирющенко, В. В. and Колопотина, М. В.},
	volume = {II},
	year = {2000}
}

@article{Allen1983,
	abstract = {-},
	author = {Allen, James F.},
	doi = {10.1145/182.358434},
	file = {:C$\backslash$:/Users/sanek/Documents/Mendeley Desktop/Communications of the ACM/1983/Allen - 1983.pdf:pdf},
	isbn = {1558600957},
	issn = {00010782},
	journal = {Communications of the ACM},
	mendeley-groups = {Artifial Intelligence/Knowledge representation},
	number = {11},
	pages = {832--843},
	pmid = {18068905},
	title = {{Maintaining knowledge about temporal intervals}},
	volume = {26},
	year = {1983}
}

@article{Kuipers2000,
	abstract = {The Spatial Semantic Hierarchy (SSH) is a model of knowledge of large-scale space consisting of multiple interacting representations, both qualitative and quantitative. It is inspired by the properties of the human cognitive map, and is intended to serve both as a model of the human cognitive map and as a method for robot exploration and map-building. This article describes the assumptions and guarantees behind the generality of the SSH across environments and sensorimotor systems. Evidence is given from several partial implementation of the SSH on simulated and physical robots.},
	author = {Kuipers, Benjamin},
	doi = {10.1016/S0004-3702(00)00017-5},
	file = {:C$\backslash$:/Users/sanek/Documents/Mendeley Desktop/Artificial Intelligence/2000/Kuipers - 2000.pdf:pdf},
	isbn = {00043702},
	issn = {00043702},
	journal = {Artificial Intelligence},
	keywords = {9-898,advanced research program,and by the texas,artificial intelligence laboratory,austin,by nasa grant nag,cognitive map,grants,in part by nsf,iri-9504138 and cda 9617327,map learning,place in the qualitative,qualitative reasoning,reasoning group at the,reasoning group is supported,research of the qualitative,robot exploration,spatial reasoning,the,this work has taken,university of texas at},
	mendeley-groups = {Artifial Intelligence/Knowledge representation},
	number = {1},
	pages = {191--233},
	title = {{Spatial semantic hierarchy}},
	volume = {119},
	year = {2000}
}

@incollection{Herskovits1997,
	author = {Herskovits, Annette},
	booktitle = {Spatial and Temporal Reasoning},
	editor = {Stock, O.},
	file = {:C$\backslash$:/Users/sanek/Documents/Mendeley Desktop/Spatial and Temporal Reasoning/1997/Herskovits - 1997.pdf:pdf},
	mendeley-groups = {Artifial Intelligence/Knowledge representation},
	pages = {155--202},
	publisher = {Springer},
	title = {{Language, Spatial Cognition, and Vision}},
	year = {1997}
}

@book{Pospelov1986,
	address = {М.},
	author = {Поспелов, Д. А.},
	language = {russian},
	mendeley-groups = {Cogntive approach/Cognitive computer modeling},
	pages = {288},
	publisher = {Наука},
	title = {{Ситуационное управление: теория и практика}},
	year = {1986}
}

@article{Zubarev2013,
	abstract = {В статье рассматриваются и анализируются различные подходы к построению архитектуры системы управления беспилотным летательным аппаратом типа «вертолет». На основании проведенного анализа делается вывод о целесообразности применения иерархической, трехуровневой схемы – стратегический уровень, тактический уровень, уровень управления. Описываются решаемые на каждом уровне задачи и дается краткая характеристика методов, подходов и алгоритмов, потенциально применимых для их решения, выделяются наиболее перспективные на взгляд авторов методы и подходы.},
	author = {Зубарев, Д. В. and Макаров, Д. А. and Панов, А. И. and Яковлев, К. С.},
	file = {:C$\backslash$:/Users/sanek/Documents/Mendeley Desktop/Авиакосмическое приборостроение/2013/Зубарев et al. - 2013.pdf:pdf;:C$\backslash$:/Users/sanek/Documents/Mendeley Desktop/Авиакосмическое приборостроение/2013/Зубарев et al. - 2013.docx:docx},
	journal = {Авиакосмическое приборостроение},
	keywords = {12-07-00611,12-07-31057,12-07-31058,elibrary,mypub,алгоритмы управления,архитектура системы управления,беспилотные летательные аппараты,вертолеты,когнитивное компьютерное моделирование,методы планирования траекторий,регуляторы},
	language = {russian},
	mendeley-groups = {my{\_}publications},
	mendeley-tags = {12-07-00611,12-07-31057,12-07-31058,elibrary,mypub},
	number = {4},
	pages = {10--28},
	title = {{Принципы построения многоуровневых архитектур систем управления беспилотными летательными аппаратами}},
	year = {2013}
}

@inproceedings{Panov2012b,
	address = {Белгород},
	author = {Панов, А. И.},
	booktitle = {Тринадцатая национальная конференция по искусственному интеллекту с международным участием КИИ–2012 (16–20 октября 2012г., г. Белгород, Россия): Труды конференции},
	file = {:C$\backslash$:/Users/sanek/Documents/Mendeley Desktop/Тринадцатая национальная конференция по искусственному интеллекту с международным участием КИИ–2012 (16. Белгород, Россия) Труды конференции/2012/Панов - 2012.pdf:pdf;:C$\backslash$:/Users/sanek/Documents/Mendeley Desktop/Тринадцатая национальная конференция по искусственному интеллекту с международным участием КИИ–2012 (16. Белгород, Россия) Труды конференции/2012/Панов - 2012.doc:doc},
	keywords = {12-07-00611,myconf},
	language = {russian},
	mendeley-groups = {my{\_}publications},
	mendeley-tags = {12-07-00611,myconf},
	pages = {301--309},
	publisher = {Издательство БГТУ},
	title = {{Семейства отношений в знаковой картине мира}},
	volume = {1},
	year = {2012}
}

@article{George2009,
	abstract = {The theoretical setting of hierarchical Bayesian inference is gaining acceptance as a framework for understanding cortical computation. In this paper, we describe how Bayesian belief propagation in a spatio-temporal hierarchical model, called Hierarchical Temporal Memory (HTM), can lead to a mathematical model for cortical circuits. An HTM node is abstracted using a coincidence detector and a mixture of Markov chains. Bayesian belief propagation equations for such an HTM node define a set of functional constraints for a neuronal implementation. Anatomical data provide a contrasting set of organizational constraints. The combination of these two constraints suggests a theoretically derived interpretation for many anatomical and physiological features and predicts several others. We describe the pattern recognition capabilities of HTM networks and demonstrate the application of the derived circuits for modeling the subjective contour effect. We also discuss how the theory and the circuit can be extended to explain cortical features that are not explained by the current model and describe testable predictions that can be derived from the model.},
	author = {George, Dileep and Hawkins, Jeff},
	doi = {10.1371/journal.pcbi.1000532},
	file = {:C$\backslash$:/Users/sanek/Documents/Mendeley Desktop/PLoS computational biology/2009/George, Hawkins - 2009.pdf:pdf},
	issn = {1553-7358},
	journal = {PLoS computational biology},
	keywords = {Artificial Intelligence,Automated,Automated: methods,Bayes Theorem,Cerebral Cortex,Cerebral Cortex: physiology,Feedback,Markov Chains,Memory,Memory: physiology,Models,Neurological,Pattern Recognition,Pyramidal Cells,Pyramidal Cells: physiology,htm},
	mendeley-groups = {Cogntive approach/Brain modelling/Cortex},
	mendeley-tags = {htm},
	number = {10},
	pages = {e1000532},
	pmid = {19816557},
	title = {{Towards a mathematical theory of cortical micro-circuits}},
	url = {http://www.pubmedcentral.nih.gov/articlerender.fcgi?artid=2749218{\&}tool=pmcentrez{\&}rendertype=abstract},
	volume = {5},
	year = {2009}
}

@inproceedings{Panov2015c,
	abstract = {В работе представлена модель одной из когнитивных функций человека – восприятия. В качестве базового алгоритма обучения выбран один из алгоритмов предсказательной памяти – иерархическая временная память (Hierarchical temporal memory, HTM). Продемонстрирована сводимость данного алгоритма к функционированию иерархии распознающих автоматов специального вида. Приведены результаты модельных экспериментов по распознаванию серии простых изображений.},
	address = {М.},
	author = {Панов, А. И. and Петров, А. В.},
	booktitle = {Шестая Международная конференция «Системный анализ и информационные технологии» САИТ-2015 (15-20 июня 2015 г., г. Светлогорск, Россия): Труды конференции. В 2-х т.},
	file = {:C$\backslash$:/Users/sanek/Documents/Mendeley Desktop/Шестая Международная конференция «Системный анализ и информационные технологии» САИТ-2015 (15-20 июня 2015 г., г. Светлогорск, Росс. В 2-х т/2015/Панов, Петров - 2015.pdf:pdf;:C$\backslash$:/Users/sanek/Documents/Mendeley Desktop/Шестая Международная конференция «Системный анализ и информационные технологии» САИТ-2015 (15-20 июня 2015 г., г. Светлогорск, Росс. В 2-х т/2015/Панов, Петров - 2015(2).pdf:pdf;:C$\backslash$:/Users/sanek/Documents/Mendeley Desktop/Шестая Международная конференция «Системный анализ и информационные технологии» САИТ-2015 (15-20 июня 2015 г., г. Светлогорск, Росс. В 2-х т/2015/Панов, Петров - 2015.doc:doc},
	keywords = {14-07-31194,15-07-06214,myconf},
	language = {russian},
	mendeley-groups = {my{\_}publications},
	mendeley-tags = {14-07-31194,15-07-06214,myconf},
	pages = {198--202},
	publisher = {ИСА РАН},
	title = {{Иерархическая временная память как модель восприятия и её автоматное представление}},
	volume = {1},
	year = {2015}
}

@ONLINE{Jadex2016,
	author = "{Actoron GmbH}",
	title = "Jadex Overview",
	year = "2016",
	url = "https://www.activecomponents.org/#/docs/overview",
	urldate = "02.11.2016"
}
