@inproceedings{Panov2017b,
	abstract = {В работе рассмотрена задача автоматического формирования правил интеллектуальным агентом в процессе обучения планированию действий. Приведена постановка задачи при использовании варианта обучения с подкреплением. В качестве примера рассмотрена дискретная задача планирования траектории на плоскости с препятствиями, в которой формируется план достижения целевого положения из начального. Проведен ряд экспериментов с использованием кортикоморфных алгоритмов обучения: аналога иерархической временной памяти и различных вариантов глубоких нейронных сетей.},
	address = {М.},
	author = {Панов, А. И. and Суворов, Р. Е.},
	booktitle = {Седьмая Международная конференция "Системный анализ и информационные технологии" САИТ-2017 (13-18 июня 2017 г., г. Светлогорск, Россия): Труды конференции},
	file = {:C$\backslash$:/Users/sanek/Documents/Mendeley Desktop/Панов, Суворов/2017/Автоматическое формирование правил перемещения с использованием обучения с подкреплением.docx:docx;:C$\backslash$:/Users/sanek/Documents/Mendeley Desktop/Панов, Суворов/2017/Автоматическое формирование правил перемещения с использованием обучения с подкреплением.pdf:pdf},
	keywords = {15-07-06214,16-37-60055,frccsc,myconf},
	language = {russian},
	mendeley-groups = {my{\_}publications},
	mendeley-tags = {15-07-06214,16-37-60055,frccsc,myconf},
	pages = {303--310},
	publisher = {ФИЦ ИУ РАН},
	title = {{Автоматическое формирование правил перемещения с использованием обучения с подкреплением}},
	url = {https://elibrary.ru/item.asp?id=30004933},
	year = {2017}
}
@incollection{Filin2017,
	abstract = {We present a model of Reinforcement Learning, which consists of modified neural-network architecture with spatio-temporal connections, known as Temporal Hebbian Self-Organizing Map (THSOM). A number of experiments were conducted to test the model on the maze solving problem. The algorithm demonstrates sustainable learning, building a near to optimal routes. This work describes an agents behavior in the mazes of different complexity and also influence of models parameters at the length of formed paths.},
	author = {Filin, Dmitry and Panov, Aleksandr I.},
	booktitle = {Biologically Inspired Cognitive Architectures (BICA) for Young Scientists},
	doi = {10.1007/978-3-319-63940-6_8},
	editor = {Samsonovich, Alexei V. and Klimov, Valentin V.},
	file = {:C$\backslash$:/Users/sanek/Documents/Mendeley Desktop/Filin, Panov/2017/Applying a Neural Network Architecture with Spatio-Temporal Connections to the Maze Exploration.pdf:pdf;:C$\backslash$:/Users/sanek/Documents/Mendeley Desktop/Filin, Panov/2017/Applying a Neural Network Architecture with Spatio-Temporal Connections to the Maze Exploration(2).pdf:pdf},
	keywords = {15-07-06214,16-37-60055,frccsc,hse,myconf,scopus},
	mendeley-groups = {my{\_}publications},
	mendeley-tags = {15-07-06214,16-37-60055,frccsc,hse,myconf,scopus},
	pages = {57--64},
	publisher = {Springer International Publishing},
	series = {Advances in Intelligent Systems and Computing},
	title = {{Applying a Neural Network Architecture with Spatio-Temporal Connections to the Maze Exploration}},
	url = {http://link.springer.com/10.1007/978-3-319-63940-6{\_}8},
	year = {2017}
}
@article{Osipov2017a,
	abstract = {В соответствии с современными взглядами на возникновение психических функций и на роль в этом нейрофизиологических процессов, формирование психических функций связывается с существованием или синтезом в процессе коммуникации специальных информационных структур, содержащих три различных по происхождению вида информации: информации, поступающей из внешней среды, информации, извлекаемой из памяти, и информации, приходящей из центров мотивации. Связывание таких компонент в единое целое обеспечивается их именованием; оно же обеспечивает устойчивость возникающих структур. Такие информационные структуры были названы нами знаками ввиду их сходства с аналогичными структурами, изучаемыми в семиотике. Множество знаков, формируемых субъектом в процессе деятельности и коммуникации, образует его знаковую картину мира, отражающую его представления о внешней среде, о себе и о других субъектах.Знаковая картина мира позволяет поставить и решить ряд задач, возникающих при моделировании поведения интеллектуальных агентов и их коалиций, таких как задачи целеполагания, синтеза целенаправленного поведения, распределения ролей и взаимодействия агентов в коалиции. В работе рассматривается специальный объект - каузальная матрица, с помощью которой описывается строение компонент знака. На этой основе определяются операции и отношения в знаковой картине мира, моделирующие психологические особенности поведения человека.},
	author = {Осипов, Г. С. and Панов, А. И.},
	file = {:C$\backslash$:/Users/sanek/Documents/Mendeley Desktop/Осипов, Панов/2017/Отношения и операции в знаковой картине мира субъекта поведения.docx:docx;:C$\backslash$:/Users/sanek/Documents/Mendeley Desktop/Осипов, Панов/2017/Отношения и операции в знаковой картине мира субъекта поведения(2).pdf:pdf},
	journal = {Искусственный интеллект и принятие решений},
	keywords = {16-37-60055,frccsc,mypub},
	language = {russian},
	mendeley-tags = {16-37-60055,mypub,frccsc},
	number = {4},
	pages = {5--22},
	title = {{Отношения и операции в знаковой картине мира субъекта поведения}},
	year = {2017}
}
@article{Panov2017a,
	abstract = {Behavior planning is an important function of any complex technical facility intelligent control system. Presently, a symbol paradigm of artificial intelligence offers a variety of planning algorithms, including those that use precedent information, i.e. algorithms based on acquired knowledge. A symbol grounding problem within the exiting approaches of knowledge representation does not allow effective use the developed algorithms together with learning mechanisms for the purpose of solving a wide variety of applied problems by actual intelligent agents (robotics systems). This article presents the original planning algorithm (MAP Planner), which uses a sign world model as the basis for acquisition and maintenance of knowledge for future use in behavior planning. the sign problem approach describes planning as a cognitive function actualized by the world model of a subject of activity. Apart from solving symbol grounding problems and ensuring psychological and biological plausibility, a sign planning process model allows interaction of an intelligent agent with other participants in solving a cooperative task. The article presents the description of the knowledge representation method used, a MAP planning algorithm, and a model experiment in a “block world”.},
	annote = {NULL},
	author = {Panov, Aleksandr I.},
	doi = {10.1016/j.bica.2016.12.001},
	file = {:C$\backslash$:/Users/sanek/Documents/Mendeley Desktop/Panov/2017/Behavior Planning of Intelligent Agent with Sign World Model.pdf:pdf;:C$\backslash$:/Users/sanek/Documents/Mendeley Desktop/Panov/2017/Behavior Planning of Intelligent Agent with Sign World Model(2).pdf:pdf},
	issn = {2212-683X},
	journal = {Biologically Inspired Cognitive Architectures},
	keywords = {16-37-60055,behavior planning,causal matrix,elibrary,frccsc,hse,map algorithm,mypub,scopus,semiotic network,sign image,sign personal meaning,sign significance,sign world model,wos{\_}core},
	mendeley-groups = {my{\_}publications},
	mendeley-tags = {16-37-60055,elibrary,frccsc,hse,mypub,scopus,wos{\_}core},
	pages = {21--31},
	title = {{Behavior Planning of Intelligent Agent with Sign World Model}},
	url = {http://www.sciencedirect.com/science/article/pii/S2212683X16300913},
	volume = {19},
	year = {2017}
}
@incollection{Ayunts2017,
	abstract = {At the moment reinforcement learning have advanced signifi- cantly with discovering new techniques and instruments for training. This paper is devoted to the application convolutional and recurrent neural networks in the task of planning with reinforcement learning problem. The aim of the work is to check whether the neural networks are fit for this problem. During the experiments in a block environment the task was to move blocks to obtain the final arrangement which was the target. Significant part of the problem is connected with the determining on the reward function and how the results are depending in reward's calculation. The current results show that without modifying the initial problem into more straightforward ones neural networks didn't demonstrate stable learning process. In the paper a modified reward function with sub-targets and euclidian reward calculation was used for more precise reward determination. Results have shown that none of the tested architectures were not able to achieve goal.},
	author = {Ayunts, Edward and Panov, Alekasndr I.},
	booktitle = {Biologically Inspired Cognitive Architectures (BICA) for Young Scientists},
	doi = {10.1007/978-3-319-63940-6_1},
	editor = {Samsonovich, Alexei V. and Klimov, Valentin V.},
	file = {:C$\backslash$:/Users/sanek/Documents/Mendeley Desktop/Ayunts, Panov/2017/Task Planning in “Block World” with Deep Reinforcement Learning.pdf:pdf;:C$\backslash$:/Users/sanek/Documents/Mendeley Desktop/Ayunts, Panov/2017/Task Planning in “Block World” with Deep Reinforcement Learning(2).pdf:pdf},
	isbn = {978-3-319-63939-0},
	keywords = {16-37-60055,17-07-00281,frccsc,hse,myconf},
	mendeley-groups = {my{\_}publications},
	mendeley-tags = {16-37-60055,17-07-00281,frccsc,hse,myconf},
	pages = {3--9},
	publisher = {Springer International Publishing},
	series = {Advances in Intelligent Systems and Computing},
	title = {{Task Planning in “Block World” with Deep Reinforcement Learning}},
	url = {http://link.springer.com/10.1007/978-3-319-63940-6{\_}1},
	year = {2017}
}
@inproceedings{Kiselev2017b,
	abstract = {В статье приводится аналитический обзор работ по многоагентному планированию, включающий исследования, связанные с построением координационных сообщений агентов, и исследования, основанные на когнитивном подходе к планированию действий гетерогенными агентами. В заключении приведен метод составления сообщений агентами на основе психологически правдоподобной модели представления знаний.},
	address = {Казань},
	author = {Киселев, Г. А. and Панов, А. И.},
	booktitle = {Четвертый Всероссийский научно-практический семинар «Беспилотные транспортные средства с элементами искусственного интеллекта» (БТС-ИИ-2017, 22-23 сентября 2017 г., г. Казань, Республика Татарстан, Россия): Труды семинара},
	file = {:C$\backslash$:/Users/sanek/Documents/Mendeley Desktop/Киселев, Панов/2017/Планирование действий коалицией агентов коммуникационный аспект.doc:doc},
	keywords = {16-37-60055,17-07-00281,frccsc,myconf},
	language = {russian},
	mendeley-groups = {my{\_}publications},
	mendeley-tags = {16-37-60055,17-07-00281,frccsc,myconf},
	pages = {204--215},
	title = {{Планирование действий коалицией агентов: коммуникационный аспект}},
	url = {http://2017.ai-uv.ru/images/proceedings/ai-uv-2017-book{\_}204-215.pdf},
	year = {2017}
}
