
@ARTICLE{Tononi200649,
author={Tononi, G., Cirelli, C.},
title={Sleep function and synaptic homeostasis},
journal={Sleep Medicine Reviews},
year={2006},
volume={10},
number={1},
pages={49-62},
doi={10.1016/j.smrv.2005.05.002},
note={cited By 799},
url={http://www.scopus.com/inward/record.url?eid=2-s2.0-30844435916&partnerID=40&md5=59902732a81a5e00a676e46190ddc8db},
document_type={Review},
source={Scopus},
}

@ARTICLE{Huber200478,
author={Huber, R., Ghilardi, M.F., Massimini, M., Tononi, G.},
title={Local sleep and learning},
journal={Nature},
year={2004},
volume={430},
number={6995},
pages={78-81},
doi={10.1038/nature02663},
note={cited By 788},
url={http://www.scopus.com/inward/record.url?eid=2-s2.0-3042764644&partnerID=40&md5=b6a30194c85b5b547b8e8fbcd7fcb237},
document_type={Article},
source={Scopus},
}

@ARTICLE{Tononi19981846,
author={Tononi, G., Edelman, G.M.},
title={Consciousness and complexity},
journal={Science},
year={1998},
volume={282},
number={5395},
pages={1846-1851},
note={cited By 671},
url={http://www.scopus.com/inward/record.url?eid=2-s2.0-0032484086&partnerID=40&md5=c00153747679942e5807b3ecccfad319},
document_type={Review},
source={Scopus},
}

@ARTICLE{Tononi19945033,
author={Tononi, G., Sporns, O., Edelman, G.M.},
title={A measure for brain complexity: Relating functional segregation and integration in the nervous system},
journal={Proceedings of the National Academy of Sciences of the United States of America},
year={1994},
volume={91},
number={11},
pages={5033-5037},
doi={10.1073/pnas.91.11.5033},
note={cited By 537},
url={http://www.scopus.com/inward/record.url?eid=2-s2.0-0028245445&partnerID=40&md5=9aaa418301074c3a1333029c1b45f898},
document_type={Article},
source={Scopus},
}

@ARTICLE{Massimini20052228,
author={Massimini, M., Ferrarelli, F., Huber, R., Esser, S.K., Singh, H., Tononi, G.},
title={Neuroscience: Breakdown of cortical effective connectivity during sleep},
journal={Science},
year={2005},
volume={309},
number={5744},
pages={2228-2232},
doi={10.1126/science.1117256},
note={cited By 511},
url={http://www.scopus.com/inward/record.url?eid=2-s2.0-25844463573&partnerID=40&md5=e0e31a382084d77384f7902de566e9da},
document_type={Article},
source={Scopus},
}

@ARTICLE{Tononi20001834,
author={Tononi, G.},
title={Correlates of sleep and waking in Drosophila melanogaster},
journal={Science},
year={2000},
volume={287},
number={5459},
pages={1834-1837},
doi={10.1126/science.287.5459.1834},
note={cited By 490},
url={http://www.scopus.com/inward/record.url?eid=2-s2.0-0034629130&partnerID=40&md5=ba6d7c1292e94b38c49d57f771074be5},
document_type={Article},
source={Scopus},
}

@ARTICLE{Tononi2003143,
author={Tononi, G., Cirelli, C.},
title={Sleep and synaptic homeostasis: A hypothesis},
journal={Brain Research Bulletin},
year={2003},
volume={62},
number={2},
pages={143-150},
doi={10.1016/j.brainresbull.2003.09.004},
note={cited By 452},
url={http://www.scopus.com/inward/record.url?eid=2-s2.0-0345724847&partnerID=40&md5=39ccf2be2b81fa06433ee52dc0466fbf},
document_type={Review},
source={Scopus},
}

@ARTICLE{Sporns2005,
author={Sporns, O., Tononi, G., Kötter, R.},
title={The human connectome: A structural description of the human brain.},
journal={PLoS computational biology},
year={2005},
volume={1},
number={4},
note={cited By 445},
url={http://www.scopus.com/inward/record.url?eid=2-s2.0-34548090183&partnerID=40&md5=c02ad01eb8ad9b95ef4cf45ebeb744fc},
document_type={Review},
source={Scopus},
}

@ARTICLE{Tononi2004,
author={Tononi, G.},
title={An information integration theory of consciousness},
journal={BMC Neuroscience},
year={2004},
volume={5},
page_count={22},
doi={10.1186/1471-2202-5-42},
art_number={42},
note={cited By 434},
url={http://www.scopus.com/inward/record.url?eid=2-s2.0-12944335010&partnerID=40&md5=185df2ab993059d508bf816f5fa97158},
document_type={Article},
source={Scopus},
}

@ARTICLE{Alkire2008876,
author={Alkire, M.T., Hudetz, A.G., Tononi, G.},
title={Consciousness and anesthesia},
journal={Science},
year={2008},
volume={322},
number={5903},
pages={876-880},
doi={10.1126/science.1149213},
note={cited By 390},
url={http://www.scopus.com/inward/record.url?eid=2-s2.0-55849108126&partnerID=40&md5=afbfecb5259c1ddbd11977b61b36a1e6},
document_type={Review},
source={Scopus},
}

@ARTICLE{Massimini20046862,
author={Massimini, M., Huber, R., Ferrarelli, F., Hill, S., Tononi, G.},
title={The sleep slow oscillation as a traveling wave},
journal={Journal of Neuroscience},
year={2004},
volume={24},
number={31},
pages={6862-6870},
doi={10.1523/JNEUROSCI.1318-04.2004},
note={cited By 363},
url={http://www.scopus.com/inward/record.url?eid=2-s2.0-3843134197&partnerID=40&md5=0fcd53df34124e59f0fc53dda2daea00},
document_type={Article},
source={Scopus},
}

@ARTICLE{Sporns20050245,
author={Sporns, O., Tononi, G., Kötter, R.},
title={The human connectome: A structural description of the human brain},
journal={PLoS Computational Biology},
year={2005},
volume={1},
number={4},
pages={0245-0251},
doi={10.1371/journal.pcbi.0010042},
note={cited By 344},
url={http://www.scopus.com/inward/record.url?eid=2-s2.0-31144436747&partnerID=40&md5=b06caba43869f96fcfc71b269a8bc565},
document_type={Review},
source={Scopus},
}

@ARTICLE{Cirelli200435,
author={Cirelli, C., Gutierrez, C.M., Tononi, G.},
title={Extensive and Divergent Effects of Sleep and Wakefulness on Brain Gene Expression},
journal={Neuron},
year={2004},
volume={41},
number={1},
pages={35-43},
doi={10.1016/S0896-6273(03)00814-6},
note={cited By 314},
url={http://www.scopus.com/inward/record.url?eid=2-s2.0-0347948474&partnerID=40&md5=0b8c01f1681e6ffe39dd534eedbf5436},
document_type={Article},
source={Scopus},
}

@ARTICLE{Vyazovskiy2008200,
author={Vyazovskiy, V.V., Cirelli, C., Pfister-Genskow, M., Faraguna, U., Tononi, G.},
title={Molecular and electrophysiological evidence for net synaptic potentiation in wake and depression in sleep},
journal={Nature Neuroscience},
year={2008},
volume={11},
number={2},
pages={200-208},
doi={10.1038/nn2035},
note={cited By 307},
url={http://www.scopus.com/inward/record.url?eid=2-s2.0-38649139149&partnerID=40&md5=31327050b3dc4c049fee88e06e329bf0},
document_type={Article},
source={Scopus},
}

@ARTICLE{Tononi2008216,
author={Tononi, G.},
title={Consciousness as integrated information: A provisional manifesto},
journal={Biological Bulletin},
year={2008},
volume={215},
number={3},
pages={216-242},
note={cited By 296},
url={http://www.scopus.com/inward/record.url?eid=2-s2.0-58149089173&partnerID=40&md5=2b763659c54ffdbb8896c3be2ca2ec15},
document_type={Review},
source={Scopus},
}

@ARTICLE{Tononi1998474,
author={Tononi, G., Edelman, G.M., Sporns, O.},
title={Complexity and coherency: Integrating information in the brain},
journal={Trends in Cognitive Sciences},
year={1998},
volume={2},
number={12},
pages={474-484},
doi={10.1016/S1364-6613(98)01259-5},
note={cited By 282},
url={http://www.scopus.com/inward/record.url?eid=2-s2.0-0032401315&partnerID=40&md5=5a0eb1765440e0af3a31f68b5aeebad8},
document_type={Review},
source={Scopus},
}

@ARTICLE{Srinivasan19995435,
author={Srinivasan, R., Russell, D.P., Edelman, G.M., Tononi, G.},
title={Increased synchronization of neuromagnetic responses during conscious perception},
journal={Journal of Neuroscience},
year={1999},
volume={19},
number={13},
pages={5435-5448},
note={cited By 259},
url={http://www.scopus.com/inward/record.url?eid=2-s2.0-0033169051&partnerID=40&md5=a9d57a01d45d000511636e3e017e0d05},
document_type={Article},
source={Scopus},
}

@ARTICLE{Huber20061169,
author={Huber, R., Ghilardi, M.F., Massimini, M., Ferrarelli, F., Riedner, B.A., Peterson, M.J., Tononi, G.},
title={Arm immobilization causes cortical plastic changes and locally decreases sleep slow wave activity},
journal={Nature Neuroscience},
year={2006},
volume={9},
number={9},
pages={1169-1176},
doi={10.1038/nn1758},
note={cited By 234},
url={http://www.scopus.com/inward/record.url?eid=2-s2.0-33748107689&partnerID=40&md5=3ea87bd40845e90648376d7d1d66c0ce},
document_type={Article},
source={Scopus},
}

@ARTICLE{Sporns2000909,
author={Sporns, O., Tononi, G., Edelman, G.M.},
title={Connectivity and complexity: The relationship between neuroanatomy and brain dynamics},
journal={Neural Networks},
year={2000},
volume={13},
number={8-9},
pages={909-922},
doi={10.1016/S0893-6080(00)00053-8},
note={cited By 232},
url={http://www.scopus.com/inward/record.url?eid=2-s2.0-0034322846&partnerID=40&md5=025f7168dfba47e0f0c6f6a6c96a51e0},
document_type={Review},
source={Scopus},
}

@ARTICLE{Tononi2008239,
author={Tononi, G., Koch, C.},
title={The neural correlates of consciousness: An update},
journal={Annals of the New York Academy of Sciences},
year={2008},
volume={1124},
pages={239-261},
doi={10.1196/annals.1440.004},
note={cited By 219},
url={http://www.scopus.com/inward/record.url?eid=2-s2.0-41949097955&partnerID=40&md5=c8ef65a25d107a5fb8827fd7fefd45d6},
document_type={Review},
source={Scopus},
}

@ARTICLE{Vyazovskiy2009865,
author={Vyazovskiy, V.V., Olcese, U., Lazimy, Y.M., Faraguna, U., Esser, S.K., Williams, J.C., Cirelli, C., Tononi, G.},
title={Cortical Firing and Sleep Homeostasis},
journal={Neuron},
year={2009},
volume={63},
number={6},
pages={865-878},
doi={10.1016/j.neuron.2009.08.024},
note={cited By 214},
url={http://www.scopus.com/inward/record.url?eid=2-s2.0-70349146195&partnerID=40&md5=f61c4453c75cc92857af3eb151a36fba},
document_type={Article},
source={Scopus},
}

@ARTICLE{Tononi19993257,
author={Tononi, G., Sporns, O., Edelman, G.M.},
title={Measures of degeneracy and redundancy in biological networks},
journal={Proceedings of the National Academy of Sciences of the United States of America},
year={1999},
volume={96},
number={6},
pages={3257-3262},
doi={10.1073/pnas.96.6.3257},
note={cited By 211},
url={http://www.scopus.com/inward/record.url?eid=2-s2.0-0032980799&partnerID=40&md5=9aae5ebee8f27687e597ddf48d2448be},
document_type={Conference Paper},
source={Scopus},
}

@ARTICLE{Cirelli20009187,
author={Cirelli, C., Tononi, G.},
title={Differential expression of plasticity-related genes in waking and sleep and their regulation by the noradrenergic system},
journal={Journal of Neuroscience},
year={2000},
volume={20},
number={24},
pages={9187-9194},
note={cited By 208},
url={http://www.scopus.com/inward/record.url?eid=2-s2.0-0034671184&partnerID=40&md5=0f23224246ce7051c35ce1fcf24ba350},
document_type={Article},
source={Scopus},
}

@ARTICLE{Cirelli2000303,
author={Cirelli, C., Tononi, G.},
title={Gene expression in the brain across the sleep-waking cycle},
journal={Brain Research},
year={2000},
volume={885},
number={2},
pages={303-321},
doi={10.1016/S0006-8993(00)03008-0},
note={cited By 208},
url={http://www.scopus.com/inward/record.url?eid=2-s2.0-0034624293&partnerID=40&md5=d4417c9e29837065a57ab058637b446c},
document_type={Article},
source={Scopus},
}

@ARTICLE{Cirelli20051087,
author={Cirelli, C., Bushey, D., Hill, S., Huber, R., Kreber, R., Ganetzky, B., Tononi, G.},
title={Reduced sleep in Drosophila Shaker mutants},
journal={Nature},
year={2005},
volume={434},
number={7037},
pages={1087-1092},
doi={10.1038/nature03486},
note={cited By 204},
url={http://www.scopus.com/inward/record.url?eid=2-s2.0-17844376199&partnerID=40&md5=6926a7d8d11d2b79fe7730234fdacc0f},
document_type={Article},
source={Scopus},
}

@ARTICLE{Cirelli19961211,
author={Cirelli, C., Pompeiano, M., Tononi, G.},
title={Neuronal gene expression in the waking state: A role for the locus coeruleus},
journal={Science},
year={1996},
volume={274},
number={5290},
pages={1211-1215},
doi={10.1126/science.274.5290.1211},
note={cited By 181},
url={http://www.scopus.com/inward/record.url?eid=2-s2.0-0029910282&partnerID=40&md5=70c6110faf10a2d75080ea2afadd6213},
document_type={Article},
source={Scopus},
}

@ARTICLE{Friston1994229,
author={Friston, K.J., Tononi, G., Reeke Jr., G.N., Sporns, O., Edelman, G.M.},
title={Value-dependent selection in the brain: Simulation in a synthetic neural model},
journal={Neuroscience},
year={1994},
volume={59},
number={2},
pages={229-243},
doi={10.1016/0306-4522(94)90592-4},
note={cited By 176},
url={http://www.scopus.com/inward/record.url?eid=2-s2.0-0028351678&partnerID=40&md5=55efd8fcb183e3049c738f19a8f9f17b},
document_type={Article},
source={Scopus},
}

@ARTICLE{Nir2011153,
author={Nir, Y., Staba, R., Andrillon, T., Vyazovskiy, V., Cirelli, C., Fried, I., Tononi, G.},
title={Regional Slow Waves and Spindles in Human Sleep},
journal={Neuron},
year={2011},
volume={70},
number={1},
pages={153-169},
doi={10.1016/j.neuron.2011.02.043},
note={cited By 173},
url={http://www.scopus.com/inward/record.url?eid=2-s2.0-79953778727&partnerID=40&md5=b3748d708a997cb359fdb78cf2fd4053},
document_type={Article},
source={Scopus},
}

@ARTICLE{Hill20051671,
author={Hill, S., Tononi, G.},
title={Modeling sleep and wakefulness in the thalamocortical system},
journal={Journal of Neurophysiology},
year={2005},
volume={93},
number={3},
pages={1671-1698},
doi={10.1152/jn.00915.2004},
note={cited By 163},
url={http://www.scopus.com/inward/record.url?eid=2-s2.0-14144255233&partnerID=40&md5=bdc6e3422fabae32400a72853e931a13},
document_type={Article},
source={Scopus},
}

@ARTICLE{Vyazovskiy2011443,
author={Vyazovskiy, V.V., Olcese, U., Hanlon, E.C., Nir, Y., Cirelli, C., Tononi, G.},
title={Local sleep in awake rats},
journal={Nature},
year={2011},
volume={472},
number={7344},
pages={443-447},
doi={10.1038/nature10009},
note={cited By 160},
url={http://www.scopus.com/inward/record.url?eid=2-s2.0-79953771228&partnerID=40&md5=147400b4a8d34f290f412be4216eb67f},
document_type={Article},
source={Scopus},
}

@ARTICLE{Ferrarelli20102681,
author={Ferrarelli, F., Massimini, M., Sarasso, S., Casali, A., Riedner, B.A., Angelini, G., Tononi, G., Pearce, R.A.},
title={Breakdown in cortical effective connectivity during midazolam-induced loss of consciousness},
journal={Proceedings of the National Academy of Sciences of the United States of America},
year={2010},
volume={107},
number={6},
pages={2681-2686},
doi={10.1073/pnas.0913008107},
note={cited By 159},
url={http://www.scopus.com/inward/record.url?eid=2-s2.0-77249083662&partnerID=40&md5=f1648ebc3cc9e5ea70435f3f77095d54},
document_type={Article},
source={Scopus},
}

@ARTICLE{Cirelli20081605,
author={Cirelli, C., Tononi, G.},
title={Is sleep essential?},
journal={PLoS Biology},
year={2008},
volume={6},
number={8},
pages={1605-1611},
doi={10.1371/journal.pbio.0060216},
art_number={e216},
note={cited By 159},
url={http://www.scopus.com/inward/record.url?eid=2-s2.0-50249168219&partnerID=40&md5=8792fc907c421d08e3cd1181173c5c7b},
document_type={Review},
source={Scopus},
}

@ARTICLE{Massimini20078496,
author={Massimini, M., Ferrarelli, F., Esser, S.K., Riedner, B.A., Huber, R., Murphy, M., Peterson, M.J., Tononi, G.},
title={Triggering sleep slow waves by transcranial magnetic stimulation},
journal={Proceedings of the National Academy of Sciences of the United States of America},
year={2007},
volume={104},
number={20},
pages={8496-8501},
doi={10.1073/pnas.0702495104},
note={cited By 156},
url={http://www.scopus.com/inward/record.url?eid=2-s2.0-34347237893&partnerID=40&md5=4af94f82f9e0277722c7fd5f7edc7ed8},
document_type={Article},
source={Scopus},
}

@ARTICLE{Gilestro2009109,
author={Gilestro, G.F., Tononi, G., Cirelli, C.},
title={Widespread changes in synaptic markers as a function of sleep and wakefulness in drosophila},
journal={Science},
year={2009},
volume={324},
number={5923},
pages={109-112},
doi={10.1126/science.1166673},
note={cited By 152},
url={http://www.scopus.com/inward/record.url?eid=2-s2.0-64249122538&partnerID=40&md5=f53c611590886a50a27a522621a9cc88},
document_type={Article},
source={Scopus},
}

@ARTICLE{Esser200686,
author={Esser, S.K., Huber, R., Massimini, M., Peterson, M.J., Ferrarelli, F., Tononi, G.},
title={A direct demonstration of cortical LTP in humans: A combined TMS/EEG study},
journal={Brain Research Bulletin},
year={2006},
volume={69},
number={1},
pages={86-94},
doi={10.1016/j.brainresbull.2005.11.003},
note={cited By 149},
url={http://www.scopus.com/inward/record.url?eid=2-s2.0-31844442521&partnerID=40&md5=74bba77775ecf47dd6e6c427370b6ecb},
document_type={Article},
source={Scopus},
}

@ARTICLE{Tononi19983198,
author={Tononi, G., Srinivasan, R., Russell, D.P., Edelman, G.M.},
title={Investigating neural correlates of conscious perception by frequency- tagged neuromagnetic responses},
journal={Proceedings of the National Academy of Sciences of the United States of America},
year={1998},
volume={95},
number={6},
pages={3198-3203},
doi={10.1073/pnas.95.6.3198},
note={cited By 148},
url={http://www.scopus.com/inward/record.url?eid=2-s2.0-0032539867&partnerID=40&md5=2fa1cb670bd8ef5bd11978079bbbcfe6},
document_type={Article},
source={Scopus},
}

@ARTICLE{Ferrarelli2007483,
author={Ferrarelli, F., Huber, R., Peterson, M.J., Massimini, M., Murphy, M., Riedner, B.A., Watson, A., Bria, P., Tononi, G.},
title={Reduced sleep spindle activity in schizophrenia patients},
journal={American Journal of Psychiatry},
year={2007},
volume={164},
number={3},
pages={483-492},
doi={10.1176/appi.ajp.164.3.483},
note={cited By 141},
url={http://www.scopus.com/inward/record.url?eid=2-s2.0-34047182584&partnerID=40&md5=07a51711b9d98b95b47126265c9b80d7},
document_type={Article},
source={Scopus},
}

@ARTICLE{Tononi2000391,
author={Tononi, G., Edelman, G.M.},
title={Schizophrenia and the mechanisms of conscious integration},
journal={Brain Research Reviews},
year={2000},
volume={31},
number={2-3},
pages={391-400},
doi={10.1016/S0165-0173(99)00056-9},
note={cited By 141},
url={http://www.scopus.com/inward/record.url?eid=2-s2.0-0034009626&partnerID=40&md5=01a24ef72700496c0f1fb04e3138cd40},
document_type={Conference Paper},
source={Scopus},
}

@ARTICLE{Tononi201412,
author={Tononi, G., Cirelli, C.},
title={Sleep and the Price of Plasticity: From Synaptic and Cellular Homeostasis to Memory Consolidation and Integration},
journal={Neuron},
year={2014},
volume={81},
number={1},
pages={12-34},
doi={10.1016/j.neuron.2013.12.025},
note={cited By 139},
url={http://www.scopus.com/inward/record.url?eid=2-s2.0-84891772571&partnerID=40&md5=e199c2c626c9941dea4c946889e2b24a},
document_type={Review},
source={Scopus},
}

@ARTICLE{Sporns1991129,
author={Sporns, O., Tononi, G., Edelman, G.M.},
title={Modeling perceptual grouping and figure-ground segregation by means of active reentrant connections},
journal={Proceedings of the National Academy of Sciences of the United States of America},
year={1991},
volume={88},
number={1},
pages={129-133},
doi={10.1073/pnas.88.1.129},
note={cited By 137},
url={http://www.scopus.com/inward/record.url?eid=2-s2.0-0026053771&partnerID=40&md5=67c4eb1ce57b9f567c03d392d79b753b},
document_type={Article},
source={Scopus},
}

@ARTICLE{Murphy20091608,
author={Murphy, M., Riedner, B.A., Huber, R., Massimini, M., Ferrarelli, F., Tononi, G.},
title={Source modeling sleep slow waves},
journal={Proceedings of the National Academy of Sciences of the United States of America},
year={2009},
volume={106},
number={5},
pages={1608-1613},
doi={10.1073/pnas.0807933106},
note={cited By 133},
url={http://www.scopus.com/inward/record.url?eid=2-s2.0-60849136925&partnerID=40&md5=7d62d66a6774e04c0558425c799f3e2c},
document_type={Article},
source={Scopus},
}

@ARTICLE{Nitz20021934,
author={Nitz, D.A., Van Swinderen, B., Tononi, G., Greenspan, R.J.},
title={Electrophysiological correlates of rest and activity in Drosophila melanogaster},
journal={Current Biology},
year={2002},
volume={12},
number={22},
pages={1934-1940},
doi={10.1016/S0960-9822(02)01300-3},
note={cited By 131},
url={http://www.scopus.com/inward/record.url?eid=2-s2.0-0037137439&partnerID=40&md5=018312cb4c3be149569086ba3c3c4cd2},
document_type={Article},
source={Scopus},
}

@ARTICLE{Huber2004628,
author={Huber, R., Hill, S.L., Holladay, C., Biesiadecki, M., Tononi, G., Cirelli, C.},
title={Sleep homeostasis in Drosophila melanogaster},
journal={Sleep},
year={2004},
volume={27},
number={4},
pages={628-639},
note={cited By 129},
url={http://www.scopus.com/inward/record.url?eid=2-s2.0-3042529390&partnerID=40&md5=324591de69c82e041b28332037af3dd8},
document_type={Article},
source={Scopus},
}

@ARTICLE{Esser20071617,
author={Esser, S.K., Hill, S.L., Tononi, G.},
title={Sleep homeostasis and cortical synchronization: I. Modeling the effects of synaptic strength on sleep slow waves},
journal={Sleep},
year={2007},
volume={30},
number={12},
pages={1617-1630},
note={cited By 125},
url={http://www.scopus.com/inward/record.url?eid=2-s2.0-36849087097&partnerID=40&md5=15bbd52b71a7e89015a478f1ee105fdb},
document_type={Article},
source={Scopus},
}

@ARTICLE{Riedner20071643,
author={Riedner, B.A., Vyazovskiy, V.V., Huber, R., Massimini, M., Esser, S., Murphy, M., Tononi, G.},
title={Sleep homeostasis and cortical synchronization: III. A high-density EEG study of sleep slow waves in humans},
journal={Sleep},
year={2007},
volume={30},
number={12},
pages={1643-1657},
note={cited By 125},
url={http://www.scopus.com/inward/record.url?eid=2-s2.0-36849025140&partnerID=40&md5=0d086bdf8880548f4b811a5f6aeca3c8},
document_type={Article},
source={Scopus},
}

@ARTICLE{Lumer1997207,
author={Lumer, E.D., Edelman, G.M., Tononi, G.},
title={Neural dynamics in a model of the thalamocortical system. I. Layers, loops and the emergence of fast synchronous rhythms},
journal={Cerebral Cortex},
year={1997},
volume={7},
number={3},
pages={207-227},
note={cited By 119},
url={http://www.scopus.com/inward/record.url?eid=2-s2.0-0030947940&partnerID=40&md5=ef5c3778699e9366238223b7c320862f},
document_type={Article},
source={Scopus},
}

@ARTICLE{Bushey20111576,
author={Bushey, D., Tononi, G., Cirelli, C.},
title={Sleep and synaptic homeostasis: Structural evidence in Drosophila},
journal={Science},
year={2011},
volume={332},
number={6037},
pages={1576-1581},
doi={10.1126/science.1202839},
note={cited By 115},
url={http://www.scopus.com/inward/record.url?eid=2-s2.0-79959532384&partnerID=40&md5=4c96d1ded5b1d9695082411da3ecb946},
document_type={Article},
source={Scopus},
}

@ARTICLE{Faraguna20084088,
author={Faraguna, U., Vyazovskiy, V.V., Nelson, A.B., Tononi, G., Cirelli, C.},
title={A causal role for brain-derived neurotrophic factor in the homeostatic regulation of sleep},
journal={Journal of Neuroscience},
year={2008},
volume={28},
number={15},
pages={4088-4095},
doi={10.1523/JNEUROSCI.5510-07.2008},
note={cited By 113},
url={http://www.scopus.com/inward/record.url?eid=2-s2.0-43049167456&partnerID=40&md5=61917e9474af085679505d6490c53579},
document_type={Article},
source={Scopus},
}

@ARTICLE{Huber2007129,
author={Huber, R., Tononi, G., Cirelli, C.},
title={Exploratory behavior, cortical BDNF expression, and sleep homeostasis},
journal={Sleep},
year={2007},
volume={30},
number={2},
pages={129-139},
note={cited By 111},
url={http://www.scopus.com/inward/record.url?eid=2-s2.0-33846946795&partnerID=40&md5=6f7b23b8e29e02314d648097dd196a8b},
document_type={Article},
source={Scopus},
}

@ARTICLE{Tononi1998133,
author={Tononi, G., McIntosh, A.R., Russell, D.P., Edelman, G.M.},
title={Functional clustering: Identifying strongly interactive brain regions in neuroimaging data},
journal={NeuroImage},
year={1998},
volume={7},
number={2},
pages={133-149},
doi={10.1006/nimg.1997.0313},
note={cited By 110},
url={http://www.scopus.com/inward/record.url?eid=2-s2.0-0031927480&partnerID=40&md5=9e32f562fa957191d68d8b795b0db4f7},
document_type={Article},
source={Scopus},
}

@ARTICLE{Balduzzi2008,
author={Balduzzi, D., Tononi, G.},
title={Integrated information in discrete dynamical systems: Motivation and theoretical framework},
journal={PLoS Computational Biology},
year={2008},
volume={4},
number={6},
doi={10.1371/journal.pcbi.1000091},
art_number={e1000091},
note={cited By 109},
url={http://www.scopus.com/inward/record.url?eid=2-s2.0-46249122938&partnerID=40&md5=064b70718e68003667afb4c9243ce555},
document_type={Article},
source={Scopus},
}

@ARTICLE{Pompeiano199480,
author={Pompeiano, M., Cirelli, C., Tononi, G.},
title={Immediate-early genes in spontaneous wakefulness and sleep: Expression of c-fos and NGFI-A mRNA and protein},
journal={Journal of Sleep Research},
year={1994},
volume={3},
number={2},
pages={80-96},
note={cited By 109},
url={http://www.scopus.com/inward/record.url?eid=2-s2.0-0028301115&partnerID=40&md5=fa1d7d3068433edc79e87dae580fa147},
document_type={Article},
source={Scopus},
}

@ARTICLE{Rosanova20121308,
author={Rosanova, M., Gosseries, O., Casarotto, S., Boly, M., Casali, A.G., Bruno, M.-A., Mariotti, M., Boveroux, P., Tononi, G., Laureys, S., Massimini, M.},
title={Recovery of cortical effective connectivity and recovery of consciousness in vegetative patients},
journal={Brain},
year={2012},
volume={135},
number={4},
pages={1308-1320},
doi={10.1093/brain/awr340},
note={cited By 106},
url={http://www.scopus.com/inward/record.url?eid=2-s2.0-84857366858&partnerID=40&md5=3e231aa307773712ef275c98fc550aad},
document_type={Article},
source={Scopus},
}

@ARTICLE{Tononi2003,
author={Tononi, G., Sporns, O.},
title={Measuring information integration},
journal={BMC Neuroscience},
year={2003},
volume={4},
doi={10.1186/1471-2202-4-31},
art_number={31},
note={cited By 105},
url={http://www.scopus.com/inward/record.url?eid=2-s2.0-2642566982&partnerID=40&md5=b5f5b2362a104188e109b97fd379e7aa},
document_type={Article},
source={Scopus},
}

@ARTICLE{Nir201088,
author={Nir, Y., Tononi, G.},
title={Dreaming and the brain: from phenomenology to neurophysiology},
journal={Trends in Cognitive Sciences},
year={2010},
volume={14},
number={2},
pages={88-100},
doi={10.1016/j.tics.2009.12.001},
note={cited By 104},
url={http://www.scopus.com/inward/record.url?eid=2-s2.0-74749092944&partnerID=40&md5=d417d61dd4dc4406b213b2290a30bd1a},
document_type={Review},
source={Scopus},
}

@ARTICLE{Casali2013,
author={Casali, A.G., Gosseries, O., Rosanova, M., Boly, M., Sarasso, S., Casali, K.R., Casarotto, S., Bruno, M.-A., Laureys, S., Tononi, G., Massimini, M.},
title={A theoretically based index of consciousness independent of sensory processing and behavior},
journal={Science Translational Medicine},
year={2013},
volume={5},
number={198},
doi={10.1126/scitranslmed.3006294},
art_number={198ra105},
note={cited By 98},
url={http://www.scopus.com/inward/record.url?eid=2-s2.0-84883894654&partnerID=40&md5=b2bfe6cdc90821c08a9daf2fe3b3a809},
document_type={Review},
source={Scopus},
}

@ARTICLE{Murphy2011283,
author={Murphy, M., Bruno, M.-A., Riedner, B.A., Boveroux, P., Noirhomme, Q., Landsness, E.C., Brichant, J.-F., Phillips, C., Massimini, M., Laureys, S., Tononi, G., Boly, M.},
title={Propofol anesthesia and sleep: A high-density EEG study},
journal={Sleep},
year={2011},
volume={34},
number={3},
pages={283-291.A},
note={cited By 98},
url={http://www.scopus.com/inward/record.url?eid=2-s2.0-79953663984&partnerID=40&md5=b58f4178930fddf3fe2dcf2975687bf9},
document_type={Article},
source={Scopus},
}

@ARTICLE{Ferrarelli2008996,
author={Ferrarelli, F., Massimini, M., Peterson, M.J., Riedner, B.A., Lazar, M., Murphy, M.J., Huber, R., Rosanova, M., Alexander, A.L., Kalin, N., Tononi, G.},
title={Reduced evoked gamma oscillations in the frontal cortex in schizophrenia patients: A TMS/EEG study},
journal={American Journal of Psychiatry},
year={2008},
volume={165},
number={8},
pages={996-1005},
doi={10.1176/appi.ajp.2008.07111733},
note={cited By 97},
url={http://www.scopus.com/inward/record.url?eid=2-s2.0-48949101372&partnerID=40&md5=d3cb83df177c88e8702bb076b7160a66},
document_type={Article},
source={Scopus},
}

@ARTICLE{Huber2007,
author={Huber, R., Esser, S.K., Ferrarelli, F., Massimini, M., Peterson, M.J., Tononi, G.},
title={TMS-induced cortical potentiation during wakefulness locally increases slow wave activity during sleep},
journal={PLoS ONE},
year={2007},
volume={2},
number={3},
doi={10.1371/journal.pone.0000276},
art_number={e276},
note={cited By 97},
url={http://www.scopus.com/inward/record.url?eid=2-s2.0-39149130092&partnerID=40&md5=dbbda7aff297bf57ab40067e31922315},
document_type={Article},
source={Scopus},
}

@ARTICLE{Tononi19963422,
author={Tononi, G., Sporns, O., Edelman, G.M.},
title={A complexity measure for selective matching of signals by the brain},
journal={Proceedings of the National Academy of Sciences of the United States of America},
year={1996},
volume={93},
number={8},
pages={3422-3427},
doi={10.1073/pnas.93.8.3422},
note={cited By 97},
url={http://www.scopus.com/inward/record.url?eid=2-s2.0-0029866128&partnerID=40&md5=0daec80a34bad570770de7cae499500f},
document_type={Article},
source={Scopus},
}

@ARTICLE{Cirelli20051411,
author={Cirelli, C., LaVaute, T.M., Tononi, G.},
title={Sleep and wakefulness modulate gene expression in Drosophila},
journal={Journal of Neurochemistry},
year={2005},
volume={94},
number={5},
pages={1411-1419},
doi={10.1111/j.1471-4159.2005.03291.x},
note={cited By 94},
url={http://www.scopus.com/inward/record.url?eid=2-s2.0-24144498431&partnerID=40&md5=4ca9dca077500c177e18354dc14bf7b8},
document_type={Article},
source={Scopus},
}

@ARTICLE{Landsness20091273,
author={Landsness, E.C., Crupi, D., Hulse, B.K., Peterson, M.J., Huber, R., Ansari, H., Coen, M., Cirelli, C., Benca, R.M., Ghilardi, M.F., Tononi, G.},
title={Sleep-dependent improvement in visuomotor learning: A causal role for slow waves},
journal={Sleep},
year={2009},
volume={32},
number={10},
pages={1273-1284},
note={cited By 93},
url={http://www.scopus.com/inward/record.url?eid=2-s2.0-70350326041&partnerID=40&md5=6e743e7e18b2de2cbd0d5c7d098786e4},
document_type={Article},
source={Scopus},
}

@ARTICLE{Ferrarelli20101339,
author={Ferrarelli, F., Peterson, M.J., Sarasso, S., Riedner, B.A., Murphy, M.J., Benca, R.M., Bria, P., Kalin, N.H., Tononi, G.},
title={Thalamic dysfunction in schizophrenia suggested by whole-night deficits in slow and fast spindles},
journal={American Journal of Psychiatry},
year={2010},
volume={167},
number={11},
pages={1339-1348},
doi={10.1176/appi.ajp.2010.09121731},
note={cited By 91},
url={http://www.scopus.com/inward/record.url?eid=2-s2.0-78349277701&partnerID=40&md5=2b179825da155281bbf234858fad38eb},
document_type={Article},
source={Scopus},
}

@ARTICLE{Cirelli20061632,
author={Cirelli, C., Faraguna, U., Tononi, G.},
title={Changes in brain gene expression after long-term sleep deprivation},
journal={Journal of Neurochemistry},
year={2006},
volume={98},
number={5},
pages={1632-1645},
doi={10.1111/j.1471-4159.2006.04058.x},
note={cited By 89},
url={http://www.scopus.com/inward/record.url?eid=2-s2.0-33746922371&partnerID=40&md5=ac9e719f76dcab83b870f061e1ba3bab},
document_type={Article},
source={Scopus},
}

@ARTICLE{Cirelli2000453,
author={Cirelli, C., Tononi, G.},
title={On the functional significance of c-fos induction during the sleep- waking cycle},
journal={Sleep},
year={2000},
volume={23},
number={4},
pages={453-469},
note={cited By 89},
url={http://www.scopus.com/inward/record.url?eid=2-s2.0-0034659899&partnerID=40&md5=0015372f52f879b986fc560ae6484b83},
document_type={Article},
source={Scopus},
}

@ARTICLE{Sporns200269,
author={Sporns, O., Tononi, G., Edelman, G.M.},
title={Theoretical neuroanatomy and the connectivity of the cerebral cortex},
journal={Behavioural Brain Research},
year={2002},
volume={135},
number={1-2},
pages={69-74},
doi={10.1016/S0166-4328(02)00157-2},
note={cited By 88},
url={http://www.scopus.com/inward/record.url?eid=2-s2.0-0037145093&partnerID=40&md5=a1a8c8448bc92c0a4cf8c62f82d5a183},
document_type={Conference Paper},
source={Scopus},
}

@ARTICLE{Dash2009620,
author={Dash, M.B., Douglas, C.L., Vyazovskiy, V.V., Cirelli, C., Tononi, G.},
title={Long-term homeostasis of extracellular glutamate in the rat cerebral cortex across sleep and waking states},
journal={Journal of Neuroscience},
year={2009},
volume={29},
number={3},
pages={620-629},
doi={10.1523/JNEUROSCI.5486-08.2009},
note={cited By 84},
url={http://www.scopus.com/inward/record.url?eid=2-s2.0-58849150000&partnerID=40&md5=0f23c4f52dcbd3ba5d810bc52f3e55a1},
document_type={Article},
source={Scopus},
}

@ARTICLE{Liu20108671,
author={Liu, Z.-W., Faraguna, U., Cirelli, C., Tononi, G., Gao, X.-B.},
title={Direct evidence for wake-related increases and sleep-related decreases in synaptic strength in rodent cortex},
journal={Journal of Neuroscience},
year={2010},
volume={30},
number={25},
pages={8671-8675},
doi={10.1523/JNEUROSCI.1409-10.2010},
note={cited By 82},
url={http://www.scopus.com/inward/record.url?eid=2-s2.0-77954134681&partnerID=40&md5=e241934f7c3116a0538cf8986d16e3a8},
document_type={Article},
source={Scopus},
}

@ARTICLE{Vyazovskiy20071631,
author={Vyazovskiy, V.V., Riedner, B.A., Cirelli, C., Tononi, G.},
title={Sleep homeostasis and cortical synchronization: II. A local field potential study of sleep slow waves in the rat},
journal={Sleep},
year={2007},
volume={30},
number={12},
pages={1631-1642},
note={cited By 80},
url={http://www.scopus.com/inward/record.url?eid=2-s2.0-36849050936&partnerID=40&md5=5da1dcc93d58cdfcb4c827ff1df9048c},
document_type={Article},
source={Scopus},
}

@ARTICLE{Huber20087911,
author={Huber, R., Määttä, S., Esser, S.K., Sarasso, S., Ferrarelli, F., Watson, A., Ferreri, F., Peterson, M.J., Tononi, G.},
title={Measures of cortical plasticity after transcranial paired associative stimulation predict changes in electroencephalogram slow-wave activity during subsequent sleep},
journal={Journal of Neuroscience},
year={2008},
volume={28},
number={31},
pages={7911-7918},
doi={10.1523/JNEUROSCI.1636-08.2008},
note={cited By 75},
url={http://www.scopus.com/inward/record.url?eid=2-s2.0-50349099003&partnerID=40&md5=7884f2dafcaa3cc9ba1feffe9acf062e},
document_type={Article},
source={Scopus},
}

@ARTICLE{Boly20127082,
author={Boly, M., Moran, R., Murphy, M., Boveroux, P., Bruno, M.-A., Noirhomme, Q., Ledoux, D., Bonhomme, V., Brichant, J., Tononi, G., Laureys, S., Friston, K.},
title={Connectivity changes underlying spectral EEG changes during propofol-induced loss of consciousness},
journal={Journal of Neuroscience},
year={2012},
volume={32},
number={20},
pages={7082-7090},
doi={10.1523/JNEUROSCI.3769-11.2012},
note={cited By 73},
url={http://www.scopus.com/inward/record.url?eid=2-s2.0-84861140603&partnerID=40&md5=363359d30dbe3406a29112913ba8e860},
document_type={Article},
source={Scopus},
}

@ARTICLE{Sanders2012946,
author={Sanders, R.D., Tononi, G., Laureys, S., Sleigh, J.W.},
title={Unresponsiveness ≠ unconsciousness},
journal={Anesthesiology},
year={2012},
volume={116},
number={4},
pages={946-959},
doi={10.1097/ALN.0b013e318249d0a7},
note={cited By 72},
url={http://www.scopus.com/inward/record.url?eid=2-s2.0-84859103534&partnerID=40&md5=1b5342e1caaa05ae455f17040f4e4b29},
document_type={Review},
source={Scopus},
}

@ARTICLE{Lumer1997228,
author={Lumer, E.D., Edelman, G.M., Tononi, G.},
title={Neural dynamics in a model of the thalamocortical system. II. The role of neural synchrony tested through perturbations of spike timing},
journal={Cerebral Cortex},
year={1997},
volume={7},
number={3},
pages={228-236},
note={cited By 70},
url={http://www.scopus.com/inward/record.url?eid=2-s2.0-0030998544&partnerID=40&md5=5e2c51a7a3cd0a7cae8e8d37c58d4c8d},
document_type={Article},
source={Scopus},
}

@ARTICLE{Postle20061712,
author={Postle, B.R., Ferrarelli, F., Hamidi, M., Feredoes, E., Massimini, M., Peterson, M., Alexander, A., Tononi, G.},
title={Repetitive transcranial magnetic stimulation dissociates working memory manipulation from retention functions in the prefrontal, but not posterior parietal, cortex},
journal={Journal of Cognitive Neuroscience},
year={2006},
volume={18},
number={10},
pages={1712-1722},
doi={10.1162/jocn.2006.18.10.1712},
note={cited By 69},
url={http://www.scopus.com/inward/record.url?eid=2-s2.0-33749437296&partnerID=40&md5=9769630f2c542a2f10e2040a66b4a0cf},
document_type={Article},
source={Scopus},
}

@ARTICLE{Cirelli199592,
author={Cirelli, C., Pompeiano, M., Tononi, G.},
title={Sleep deprivation and c-fos expression in the rat brain},
journal={Journal of Sleep Research},
year={1995},
volume={4},
number={2},
pages={92-106},
note={cited By 69},
url={http://www.scopus.com/inward/record.url?eid=2-s2.0-0029054342&partnerID=40&md5=d98430cde885fc02289da1a019ceeb74},
document_type={Article},
source={Scopus},
}

@ARTICLE{Tononi2005109,
author={Tononi, G.},
title={Consciousness, information integration, and the brain},
journal={Progress in Brain Research},
year={2005},
volume={150},
pages={109-126},
doi={10.1016/S0079-6123(05)50009-8},
note={cited By 68},
url={http://www.scopus.com/inward/record.url?eid=2-s2.0-25644439808&partnerID=40&md5=20e88f138875330f31f7e8310c5f66c7},
document_type={Review},
source={Scopus},
}

@ARTICLE{Cirelli20045410,
author={Cirelli, C., Tononi, G.},
title={Locus ceruleus control of state-dependent gene expression},
journal={Journal of Neuroscience},
year={2004},
volume={24},
number={23},
pages={5410-5419},
doi={10.1523/JNEUROSCI.0949-04.2004},
note={cited By 68},
url={http://www.scopus.com/inward/record.url?eid=2-s2.0-2942590400&partnerID=40&md5=d0db382b4b19c522557f42bea24440cc},
document_type={Article},
source={Scopus},
}

@ARTICLE{Massimini20091761,
author={Massimini, M., Tononi, G., Huber, R.},
title={Slow waves, synaptic plasticity and information processing: Insights from transcranial magnetic stimulation and high-density EEG experiments},
journal={European Journal of Neuroscience},
year={2009},
volume={29},
number={9},
pages={1761-1770},
doi={10.1111/j.1460-9568.2009.06720.x},
note={cited By 67},
url={http://www.scopus.com/inward/record.url?eid=2-s2.0-65549146014&partnerID=40&md5=6d0a8cdd4b963ab9cb8294bca5195b82},
document_type={Review},
source={Scopus},
}

@ARTICLE{Esser2005622,
author={Esser, S.K., Hill, S.L., Tononi, G.},
title={Modeling the effects of transcranial magnetic stimulation on cortical circuits},
journal={Journal of Neurophysiology},
year={2005},
volume={94},
number={1},
pages={622-639},
doi={10.1152/jn.01230.2004},
note={cited By 66},
url={http://www.scopus.com/inward/record.url?eid=2-s2.0-21544483489&partnerID=40&md5=e7e73a83b13d6477c040909678c59dab},
document_type={Article},
source={Scopus},
}

@ARTICLE{Greenspan2001142,
author={Greenspan, R.J., Tononi, G., Cirelli, C., Shaw, P.J.},
title={Sleep and the fruit fly},
journal={Trends in Neurosciences},
year={2001},
volume={24},
number={3},
pages={142-145},
doi={10.1016/S0166-2236(00)01719-7},
note={cited By 66},
url={http://www.scopus.com/inward/record.url?eid=2-s2.0-0035282338&partnerID=40&md5=12158262039a2c3a38339c845fae452c},
document_type={Article},
source={Scopus},
}

@ARTICLE{Maret20111418,
author={Maret, S., Faraguna, U., Nelson, A.B., Cirelli, C., Tononi, G.},
title={Sleep and waking modulate spine turnover in the adolescent mouse cortex},
journal={Nature Neuroscience},
year={2011},
volume={14},
number={11},
pages={1418-1420},
doi={10.1038/nn.2934},
note={cited By 65},
url={http://www.scopus.com/inward/record.url?eid=2-s2.0-80055016108&partnerID=40&md5=99a6ebd56b8cf711b9b6c5322971c502},
document_type={Article},
source={Scopus},
}

@ARTICLE{Cirelli1998293,
author={Cirelli, C., Tononi, G.},
title={Differences in gene expression between sleep and waking as revealed by mRNA differential display},
journal={Molecular Brain Research},
year={1998},
volume={56},
number={1-2},
pages={293-305},
doi={10.1016/S0169-328X(98)00057-6},
note={cited By 64},
url={http://www.scopus.com/inward/record.url?eid=2-s2.0-0032077577&partnerID=40&md5=d1951fdfb5c8f44b6b9c73302d92d353},
document_type={Article},
source={Scopus},
}

@ARTICLE{Andrillon201117821,
author={Andrillon, T., Nir, Y., Staba, R.J., Ferrarelli, F., Cirelli, C., Tononi, G., Fried, I.},
title={Sleep spindles in humans: Insights from intracranial EEG and unit recordings},
journal={Journal of Neuroscience},
year={2011},
volume={31},
number={49},
pages={17821-17834},
doi={10.1523/JNEUROSCI.2604-11.2011},
note={cited By 62},
url={http://www.scopus.com/inward/record.url?eid=2-s2.0-83055170040&partnerID=40&md5=a6cb12e4e189ba8b553197cce828a6d1},
document_type={Article},
source={Scopus},
}

@ARTICLE{Bushey20075384,
author={Bushey, D., Huber, R., Tononi, G., Cirelli, C.},
title={Drosophila Hyperkinetic mutants have reduced sleep and impaired memory},
journal={Journal of Neuroscience},
year={2007},
volume={27},
number={20},
pages={5384-5393},
doi={10.1523/JNEUROSCI.0108-07.2007},
note={cited By 62},
url={http://www.scopus.com/inward/record.url?eid=2-s2.0-34249007199&partnerID=40&md5=cbf95a68f222d3dfb0e7b7fddd3da6b4},
document_type={Article},
source={Scopus},
}

@ARTICLE{Tononi2001S28,
author={Tononi, G., Cirelli, C.},
title={Modulation of brain gene expression during sleep and wakefulness: A review of recent findings},
journal={Neuropsychopharmacology},
year={2001},
volume={25},
number={5 SUPPL.},
pages={S28-S35},
doi={10.1016/S0893-133X(01)00322-0},
note={cited By 62},
url={http://www.scopus.com/inward/record.url?eid=2-s2.0-0034782625&partnerID=40&md5=72f2fa345525098e7aea24675a5f409d},
document_type={Review},
source={Scopus},
}

@ARTICLE{Massimini2010176,
author={Massimini, M., Ferrarelli, F., Murphy, M.J., Huber, R., Riedner, B.A., Casarotto, S., Tononi, G.},
title={Cortical reactivity and effective connectivity during REM sleep in humans},
journal={Cognitive Neuroscience},
year={2010},
volume={1},
number={3},
pages={176-183},
doi={10.1080/17588921003731578},
note={cited By 60},
url={http://www.scopus.com/inward/record.url?eid=2-s2.0-79960972090&partnerID=40&md5=cd11fe1d3ffe89b2642acf826b57c75b},
document_type={Article},
source={Scopus},
}

@ARTICLE{Balduzzi2009,
author={Balduzzi, D., Tononi, G.},
title={Qualia: The geometry of integrated information},
journal={PLoS Computational Biology},
year={2009},
volume={5},
number={8},
doi={10.1371/journal.pcbi.1000462},
art_number={e1000462},
note={cited By 60},
url={http://www.scopus.com/inward/record.url?eid=2-s2.0-70049094398&partnerID=40&md5=3f0edf4cb766390b8927f10282b64dc9},
document_type={Article},
source={Scopus},
}

@ARTICLE{Cirelli20054503,
author={Cirelli, C., Huber, R., Gopalakrishnan, A., Southard, T.L., Tononi, G.},
title={Locus ceruleus control of slow-wave homeostasis},
journal={Journal of Neuroscience},
year={2005},
volume={25},
number={18},
pages={4503-4511},
doi={10.1523/JNEUROSCI.4845-04.2005},
note={cited By 60},
url={http://www.scopus.com/inward/record.url?eid=2-s2.0-18244388193&partnerID=40&md5=03907970d5fd1a15bd7a4a9997f1a3d8},
document_type={Article},
source={Scopus},
}

@ARTICLE{Hanlon2009719,
author={Hanlon, E.C., Faraguna, U., Vyazovskiy, V.V., Tononi, G., Cirelli, C.},
title={Effects of skilled training on sleep slow wave activity and cortical gene expression in the rat},
journal={Sleep},
year={2009},
volume={32},
number={6},
pages={719-729},
note={cited By 59},
url={http://www.scopus.com/inward/record.url?eid=2-s2.0-67049098718&partnerID=40&md5=f8db04206b122e40bdff7d5d36a015b9},
document_type={Article},
source={Scopus},
}

@ARTICLE{Cirelli199944,
author={Cirelli, C., Tononi, G.},
title={Differences in brain gene expression between sleep and waking as revealed by mRNA differential display and cDNA microarray technology},
journal={Journal of Sleep Research},
year={1999},
volume={8},
number={SUPPL. 1},
pages={44-52},
doi={10.1046/j.1365-2869.1999.00008.x},
note={cited By 58},
url={http://www.scopus.com/inward/record.url?eid=2-s2.0-0033000676&partnerID=40&md5=c73e7b7dd9e4216b511bd2cf10ea1f70},
document_type={Article},
source={Scopus},
}

@ARTICLE{Friston1995302,
author={Friston, K.J., Tononi, G., Sporns, O., Edelman, G.M.},
title={Characterising the complexity of neuronal interactions},
journal={Human Brain Mapping},
year={1995},
volume={3},
number={4},
pages={302-314},
note={cited By 57},
url={http://www.scopus.com/inward/record.url?eid=2-s2.0-0001457656&partnerID=40&md5=2bd96c03a2a1ea522408cdf2bc7f9e9a},
document_type={Article},
source={Scopus},
}

@ARTICLE{Ferreri201190,
author={Ferreri, F., Pasqualetti, P., Määttä, S., Ponzo, D., Ferrarelli, F., Tononi, G., Mervaala, E., Miniussi, C., Rossini, P.M.},
title={Human brain connectivity during single and paired pulse transcranial magnetic stimulation},
journal={NeuroImage},
year={2011},
volume={54},
number={1},
pages={90-102},
doi={10.1016/j.neuroimage.2010.07.056},
note={cited By 55},
url={http://www.scopus.com/inward/record.url?eid=2-s2.0-77957957614&partnerID=40&md5=cc6d9fdd453e384648a1313b236e0fcf},
document_type={Article},
source={Scopus},
}

@ARTICLE{Leemburg201015939,
author={Leemburg, S., Vyazovskiy, V.V., Olcese, U., Bassetti, C.L., Tononi, G., Cirelli, C.},
title={Sleep homeostasis in the rat is preserved during chronic sleep restriction},
journal={Proceedings of the National Academy of Sciences of the United States of America},
year={2010},
volume={107},
number={36},
pages={15939-15944},
doi={10.1073/pnas.1002570107},
note={cited By 55},
url={http://www.scopus.com/inward/record.url?eid=2-s2.0-77957663816&partnerID=40&md5=bf824db125a5daa7d16a201b2a23c554},
document_type={Article},
source={Scopus},
}

@ARTICLE{Douglas2007,
author={Douglas, C.L., Vyazovskiy, V., Southard, T., Chiu, S.-Y., Messing, A., Tononi, G., Cirelli, C.},
title={Sleep in Kcna2 knockout mice},
journal={BMC Biology},
year={2007},
volume={5},
doi={10.1186/1741-7007-5-42},
art_number={42},
note={cited By 52},
url={http://www.scopus.com/inward/record.url?eid=2-s2.0-37549004317&partnerID=40&md5=248d6c2f17e0319a1e79752b05e2b530},
document_type={Article},
source={Scopus},
}

@ARTICLE{Feredoes200619530,
author={Feredoes, E., Tononi, G., Postle, B.R.},
title={Direct evidence for a prefrontal contribution to the control of proactive inteference in verbal working memory},
journal={Proceedings of the National Academy of Sciences of the United States of America},
year={2006},
volume={103},
number={51},
pages={19530-19534},
doi={10.1073/pnas.0604509103},
note={cited By 52},
url={http://www.scopus.com/inward/record.url?eid=2-s2.0-33845885162&partnerID=40&md5=9ef157f9c4331763f7927957320e5ccc},
document_type={Article},
source={Scopus},
}

@ARTICLE{Huber2013332,
author={Huber, R., Mäki, H., Rosanova, M., Casarotto, S., Canali, P., Casali, A.G., Tononi, G., Massimini, M.},
title={Human cortical excitability increases with time awake},
journal={Cerebral Cortex},
year={2013},
volume={23},
number={2},
pages={332-338},
doi={10.1093/cercor/bhs014},
note={cited By 51},
url={http://www.scopus.com/inward/record.url?eid=2-s2.0-84872292181&partnerID=40&md5=2486860ccf862ed96dba9f7f3c64c4e0},
document_type={Article},
source={Scopus},
}

@ARTICLE{Bushey20091948,
author={Bushey, D., Tononi, G., Cirelli, C.},
title={The drosophila fragile x mental retardation gene regulates sleep need},
journal={Journal of Neuroscience},
year={2009},
volume={29},
number={7},
pages={1948-1961},
doi={10.1523/JNEUROSCI.4830-08.2009},
note={cited By 50},
url={http://www.scopus.com/inward/record.url?eid=2-s2.0-60849129819&partnerID=40&md5=26403431de35b86dad84800a562d28bd},
document_type={Article},
source={Scopus},
}

@ARTICLE{Szabo200947,
author={Szabo, S.T., Machado-Vieira, R., Yuan, P., Wang, Y., Wei, Y., Falke, C., Cirelli, C., Tononi, G., Manji, H.K., Du, J.},
title={Glutamate receptors as targets of protein kinase C in the pathophysiology and treatment of animal models of Mania},
journal={Neuropharmacology},
year={2009},
volume={56},
number={1},
pages={47-55},
doi={10.1016/j.neuropharm.2008.08.015},
note={cited By 50},
url={http://www.scopus.com/inward/record.url?eid=2-s2.0-58049095084&partnerID=40&md5=af710b1892294ad4db815bf0edd530cc},
document_type={Article},
source={Scopus},
}

@ARTICLE{Ferrarelli2011306,
author={Ferrarelli, F., Tononi, G.},
title={The thalamic reticular nucleus and schizophrenia},
journal={Schizophrenia Bulletin},
year={2011},
volume={37},
number={2},
pages={306-315},
doi={10.1093/schbul/sbq142},
note={cited By 48},
url={http://www.scopus.com/inward/record.url?eid=2-s2.0-79952167906&partnerID=40&md5=ff81e3770a73bcdf498bd57840fd27ac},
document_type={Article},
source={Scopus},
}

@ARTICLE{Haraldsson20041,
author={Haraldsson, H.M., Ferrarelli, F., Kalin, N.H., Tononi, G.},
title={Transcranial Magnetic Stimulation in the investigation and treatment of schizophrenia: A review},
journal={Schizophrenia Research},
year={2004},
volume={71},
number={1},
pages={1-16},
doi={10.1016/j.schres.2003.10.006},
note={cited By 48},
url={http://www.scopus.com/inward/record.url?eid=2-s2.0-4444355856&partnerID=40&md5=a845cc11b540b5ef27ddf4ea231de5dd},
document_type={Article},
source={Scopus},
}

@ARTICLE{Tononi1998245,
author={Tononi, G., Edelman, G.M.},
title={Consciousness and the integration of information in the brain.},
journal={Advances in neurology},
year={1998},
volume={77},
pages={245-279; discussion 279-280},
note={cited By 48},
url={http://www.scopus.com/inward/record.url?eid=2-s2.0-0031616434&partnerID=40&md5=f73cd728c1c533ab0374348f4f15e3bf},
document_type={Review},
source={Scopus},
}

@ARTICLE{Landsness20112222,
author={Landsness, E., Bruno, M.-A., Noirhomme, Q., Riedner, B., Gosseries, O., Schnakers, C., Massimini, M., Laureys, S., Tononi, G., Boly, M.},
title={Electrophysiological correlates of behavioural changes in vigilance in vegetative state and minimally conscious state},
journal={Brain},
year={2011},
volume={134},
number={8},
pages={2222-2232},
doi={10.1093/brain/awr152},
note={cited By 47},
url={http://www.scopus.com/inward/record.url?eid=2-s2.0-80051988061&partnerID=40&md5=7a47ff147c48590eaf00d873654e74e5},
document_type={Article},
source={Scopus},
}

@ARTICLE{Massimini2009201,
author={Massimini, M., Boly, M., Casali, A., Rosanova, M., Tononi, G.},
title={A perturbational approach for evaluating the brain's capacity for consciousness},
journal={Progress in Brain Research},
year={2009},
volume={177},
number={C},
pages={201-214},
doi={10.1016/S0079-6123(09)17714-2},
note={cited By 47},
url={http://www.scopus.com/inward/record.url?eid=2-s2.0-73949150871&partnerID=40&md5=3a6ccba9ba79ecc0e6799eab84b1cfc4},
document_type={Review},
source={Scopus},
}

@ARTICLE{Cirelli1999184,
author={Cirelli, C., Shaw, P.J., Rechtschaffen, A., Tononi, G.},
title={No evidence of brain cell degeneration after long-term sleep deprivation in rats},
journal={Brain Research},
year={1999},
volume={840},
number={1-2},
pages={184-193},
doi={10.1016/S0006-8993(99)01768-0},
note={cited By 47},
url={http://www.scopus.com/inward/record.url?eid=2-s2.0-0033523431&partnerID=40&md5=dc972ea353b3bb341dc2a2aed8076ca7},
document_type={Article},
source={Scopus},
}

@ARTICLE{Kurth2010475,
author={Kurth, S., Jenni, O.G., Riedner, B.A., Tononi, G., Carskadon, M.A., Huber, R.},
title={Characteristics of sleep slow waves in children and adolescents},
journal={Sleep},
year={2010},
volume={33},
number={4},
pages={475-480},
note={cited By 46},
url={http://www.scopus.com/inward/record.url?eid=2-s2.0-77951185698&partnerID=40&md5=29874732d541ca30ea3814722db15959},
document_type={Article},
source={Scopus},
}

@ARTICLE{Edelman19927267,
author={Edelman, G.M., Reeke Jr., G.N., Einar Gall, W., Tononi, G., Williams, D., Sporns, O.},
title={Synthetic neural modeling applied to a real-world artifact},
journal={Proceedings of the National Academy of Sciences of the United States of America},
year={1992},
volume={89},
number={15},
pages={7267-7271},
note={cited By 45},
url={http://www.scopus.com/inward/record.url?eid=2-s2.0-0026636792&partnerID=40&md5=08cc54fd393005c03dbcb999a2ca0282},
document_type={Article},
source={Scopus},
}

@ARTICLE{Pompeiano1992325,
author={Pompeiano, M., Cirelli, C., Tononi, G.},
title={Effects of sleep deprivation on fos-like immunoreactivity in the rat brain.},
journal={Archives Italiennes de Biologie},
year={1992},
volume={130},
number={4},
pages={325-335},
note={cited By 45},
url={http://www.scopus.com/inward/record.url?eid=2-s2.0-0026936158&partnerID=40&md5=b9297205a744ff90164bca83083ee3ad},
document_type={Article},
source={Scopus},
}

@ARTICLE{Esser20092096,
author={Esser, S.K., Hill, S., Tononi, G.},
title={Breakdown of effective connectivity during slow wave sleep: Investigating the mechanism underlying a cortical gate using large-scale modeling},
journal={Journal of Neurophysiology},
year={2009},
volume={102},
number={4},
pages={2096-2111},
doi={10.1152/jn.00059.2009},
note={cited By 43},
url={http://www.scopus.com/inward/record.url?eid=2-s2.0-70350279036&partnerID=40&md5=661ee0a30e3401f62b96b678a728039b},
document_type={Article},
source={Scopus},
}

@ARTICLE{Ferri2008228,
author={Ferri, R., Huber, R., Aricò, D., Drago, V., Rundo, F., Ghilardi, M.F., Massimini, M., Tononi, G.},
title={The slow-wave components of the cyclic alternating pattern (CAP) have a role in sleep-related learning processes},
journal={Neuroscience Letters},
year={2008},
volume={432},
number={3},
pages={228-231},
doi={10.1016/j.neulet.2007.12.025},
note={cited By 43},
url={http://www.scopus.com/inward/record.url?eid=2-s2.0-39149092693&partnerID=40&md5=58555c600831b5b802ae164ca77e6f8e},
document_type={Article},
source={Scopus},
}

@ARTICLE{Hamidi2009,
author={Hamidi, M., Slagter, H.A., Tononi, G., Postle, B.R.},
title={Repetitive transcranial magnetic stimulation affects behavior by biasing endogenous cortical oscillations},
journal={Frontiers in Integrative Neuroscience},
year={2009},
volume={3},
number={JUN},
doi={10.3389/neuro.07.014.2009},
art_number={14},
note={cited By 42},
url={http://www.scopus.com/inward/record.url?eid=2-s2.0-84890874945&partnerID=40&md5=4c1a957661fc3ed6af6dc29ff338f1c9},
document_type={Article},
source={Scopus},
}

@ARTICLE{Tononi201256,
author={Tononi, G.},
title={Integrated information theory of consciousness: An updated account},
journal={Archives Italiennes de Biologie},
year={2012},
volume={150},
number={2-3},
pages={56-90},
note={cited By 40},
url={http://www.scopus.com/inward/record.url?eid=2-s2.0-84872402737&partnerID=40&md5=66287467665f97ee456ed540685f744e},
document_type={Article},
source={Scopus},
}

@ARTICLE{Hamidi2008202,
author={Hamidi, M., Tononi, G., Postle, B.R.},
title={Evaluating frontal and parietal contributions to spatial working memory with repetitive transcranial magnetic stimulation},
journal={Brain Research},
year={2008},
volume={1230},
pages={202-210},
doi={10.1016/j.brainres.2008.07.008},
note={cited By 40},
url={http://www.scopus.com/inward/record.url?eid=2-s2.0-54049095154&partnerID=40&md5=fc69885edceab9330ff8b42380b28f7c},
document_type={Article},
source={Scopus},
}

@ARTICLE{Landsness20111019,
author={Landsness, E.C., Goldstein, M.R., Peterson, M.J., Tononi, G., Benca, R.M.},
title={Antidepressant effects of selective slow wave sleep deprivation in major depression: A high-density EEG investigation},
journal={Journal of Psychiatric Research},
year={2011},
volume={45},
number={8},
pages={1019-1026},
doi={10.1016/j.jpsychires.2011.02.003},
note={cited By 39},
url={http://www.scopus.com/inward/record.url?eid=2-s2.0-79960586288&partnerID=40&md5=b85a80f48a0e1205a70d71ff94f8cf1b},
document_type={Article},
source={Scopus},
}

@ARTICLE{Vyazovskiy20091921,
author={Vyazovskiy, V.V., Faraguna, U., Cirelli, C., Tononi, G.},
title={Triggering slow waves during NREM sleep in the rat by intracortical electrical stimulation: Effects of sleep/wake history and background activity},
journal={Journal of Neurophysiology},
year={2009},
volume={101},
number={4},
pages={1921-1931},
doi={10.1152/jn.91157.2008},
note={cited By 39},
url={http://www.scopus.com/inward/record.url?eid=2-s2.0-65949085138&partnerID=40&md5=e66cb25e65d155c5a1c25c033dee476e},
document_type={Article},
source={Scopus},
}

@ARTICLE{Albus20071321,
author={Albus, J.S., Bekey, G.A., Holland, J.H., Kanwisher, N.G., Krichmar, J.L., Mishkin, M., Modha, D.S., Raichle, M.E., Shepherd, G.M., Tononi, G.},
title={A proposal for a decade of the mind initiative [1]},
journal={Science},
year={2007},
volume={317},
number={5843},
pages={1321},
note={cited By 37},
url={http://www.scopus.com/inward/record.url?eid=2-s2.0-34548702861&partnerID=40&md5=1dbcc25642e55e643faf5ea32d0762c9},
document_type={Letter},
source={Scopus},
}

@ARTICLE{Tononi2012,
author={Tononi, G., Cirelli, C.},
title={Time to be SHY? Some comments on sleep and synaptic homeostasis},
journal={Neural Plasticity},
year={2012},
volume={2012},
doi={10.1155/2012/415250},
art_number={415250},
note={cited By 36},
url={http://www.scopus.com/inward/record.url?eid=2-s2.0-84861088994&partnerID=40&md5=9d879f7d1dc4bd4cba42d06a9b651ca0},
document_type={Review},
source={Scopus},
}

@ARTICLE{Vyazovskiy201117,
author={Vyazovskiy, V.V., Cirelli, C., Tononi, G.},
title={Electrophysiological correlates of sleep homeostasis in freely behaving rats},
journal={Progress in Brain Research},
year={2011},
volume={193},
pages={17-38},
doi={10.1016/B978-0-444-53839-0.00002-8},
note={cited By 36},
url={http://www.scopus.com/inward/record.url?eid=2-s2.0-80051715704&partnerID=40&md5=fe2e44f14a3dcb22b2d60bb8a7ce377b},
document_type={Article},
source={Scopus},
}

@ARTICLE{Hill2008605,
author={Hill, S., Tononi, G., Ghilardi, M.F.},
title={Sleep improves the variability of motor performance},
journal={Brain Research Bulletin},
year={2008},
volume={76},
number={6},
pages={605-611},
doi={10.1016/j.brainresbull.2008.02.024},
note={cited By 36},
url={http://www.scopus.com/inward/record.url?eid=2-s2.0-45849144383&partnerID=40&md5=7523983769d04a5dec0398d074520d2d},
document_type={Article},
source={Scopus},
}

@ARTICLE{Tononi2001221,
author={Tononi, G., Cirelli, C.},
title={Some considerations on sleep and neural plasticity},
journal={Archives Italiennes de Biologie},
year={2001},
volume={139},
number={3},
pages={221-241},
note={cited By 36},
url={http://www.scopus.com/inward/record.url?eid=2-s2.0-0035070022&partnerID=40&md5=c709f5c10cec89fa598125c13141eaac},
document_type={Review},
source={Scopus},
}

@ARTICLE{DuncanJr.2013301,
author={Duncan Jr., W.C., Sarasso, S., Ferrarelli, F., Selter, J., Riedner, B.A., Hejazi, N.S., Yuan, P., Brutsche, N., Manji, H.K., Tononi, G., Zarate, C.A.},
title={Concomitant BDNF and sleep slow wave changes indicate ketamine-induced plasticity in major depressive disorder},
journal={International Journal of Neuropsychopharmacology},
year={2013},
volume={16},
number={2},
pages={301-311},
doi={10.1017/S1461145712000545},
note={cited By 35},
url={http://www.scopus.com/inward/record.url?eid=2-s2.0-84875922951&partnerID=40&md5=20b0a3ba47c10eba93f0bfae2cd4a27e},
document_type={Article},
source={Scopus},
}

@ARTICLE{Hung201359,
author={Hung, C.-S., Sarasso, S., Ferrarelli, F., Riedner, B., Ghilardi, M.F., Cirelli, C., Tononi, G.},
title={Local experience-dependent changes in the wake EEG after prolonged wakefulness},
journal={Sleep},
year={2013},
volume={36},
number={1},
pages={59-72},
doi={10.5665/sleep.2302},
note={cited By 35},
url={http://www.scopus.com/inward/record.url?eid=2-s2.0-84871869599&partnerID=40&md5=7bc61aa04c377e98ce8a8adeef2bbf02},
document_type={Article},
source={Scopus},
}

@ARTICLE{Tononi1994589,
author={Tononi, G., Pompeiano, M., Cirelli, C.},
title={The locus coeruleus and immediate-early genes in spontaneous and forced wakefulness},
journal={Brain Research Bulletin},
year={1994},
volume={35},
number={5-6},
pages={589-596},
doi={10.1016/0361-9230(94)90173-2},
note={cited By 35},
url={http://www.scopus.com/inward/record.url?eid=2-s2.0-0028109645&partnerID=40&md5=d6f65e98b655fca1566181503b7c20c9},
document_type={Article},
source={Scopus},
}

@ARTICLE{Cirelli1993327,
author={Cirelli, C., Pompeiano, M., Tononi, G.},
title={Fos-like immunoreactivity in the rat brain in spontaneous wakefulness and sleep.},
journal={Archives Italiennes de Biologie},
year={1993},
volume={131},
number={4},
pages={327-330},
note={cited By 35},
url={http://www.scopus.com/inward/record.url?eid=2-s2.0-0027655907&partnerID=40&md5=c9dedbf8fc0ed62b6368af6dc33aac3b},
document_type={Article},
source={Scopus},
}

@ARTICLE{Ferrarelli2004103,
author={Ferrarelli, F., Haraldsson, H.M., Barnhart, T.E., Roberts, A.D., Oakes, T.R., Massimini, M., Stone, C.K., Kalin, N.H., Tononi, G.},
title={A [ 17F]-fluoromethane PET/TMS study of effective connectivity},
journal={Brain Research Bulletin},
year={2004},
volume={64},
number={2},
pages={103-113},
doi={10.1016/j.brainresbull.2004.04.020},
note={cited By 34},
url={http://www.scopus.com/inward/record.url?eid=2-s2.0-4444362320&partnerID=40&md5=166d6c41d2673783e9c932482dc172e0},
document_type={Article},
source={Scopus},
}

@ARTICLE{Pompeiano1995329,
author={Pompeiano, M., Cirelli, C., Arrighi, P., Tononi, G.},
title={c-Fos expression during wakefulness and sleep},
journal={Neurophysiologie Clinique / Clinical Neurophysiology},
year={1995},
volume={25},
number={6},
pages={329-341},
doi={10.1016/0987-7053(96)84906-9},
note={cited By 34},
url={http://www.scopus.com/inward/record.url?eid=2-s2.0-0029554955&partnerID=40&md5=b29ed80753a363be90b026c24d860919},
document_type={Review},
source={Scopus},
}

@ARTICLE{Rucci1997334,
author={Rucci, M., Tononi, G., Edelman, G.M.},
title={Registration of neural maps through value-dependent learning: Modeling the alignment of auditory and visual maps in the barn owl's optic tectum},
journal={Journal of Neuroscience},
year={1997},
volume={17},
number={1},
pages={334-352},
note={cited By 33},
url={http://www.scopus.com/inward/record.url?eid=2-s2.0-0031032025&partnerID=40&md5=14ce170983366124cdd90eed9e201e16},
document_type={Article},
source={Scopus},
}

@ARTICLE{Carrera20142408,
author={Carrera, E., Tononi, G.},
title={Diaschisis: Past, present, future},
journal={Brain},
year={2014},
volume={137},
number={9},
pages={2408-2422},
doi={10.1093/brain/awu101},
note={cited By 32},
url={http://www.scopus.com/inward/record.url?eid=2-s2.0-84906675411&partnerID=40&md5=d2a55ed7575e58bbf4a0060211129c57},
document_type={Review},
source={Scopus},
}

@ARTICLE{Tononi2010299,
author={Tononi, G.},
title={Information integration: Its relevance to brain function and consciousness},
journal={Archives Italiennes de Biologie},
year={2010},
volume={148},
number={3},
pages={299-322},
note={cited By 32},
url={http://www.scopus.com/inward/record.url?eid=2-s2.0-78650456096&partnerID=40&md5=18aa6428bf44ea7c05078f05afec04f2},
document_type={Article},
source={Scopus},
}

@ARTICLE{Määttä2010118,
author={Määttä, S., Landsness, E., Sarasso, S., Ferrarelli, F., Ferreri, F., Ghilardi, M.F., Tononi, G.},
title={The effects of morning training on night sleep: A behavioral and EEG study},
journal={Brain Research Bulletin},
year={2010},
volume={82},
number={1-2},
pages={118-123},
doi={10.1016/j.brainresbull.2010.01.006},
note={cited By 32},
url={http://www.scopus.com/inward/record.url?eid=2-s2.0-77952308165&partnerID=40&md5=9020e8b9fe28343cd3d07f43622b6ac1},
document_type={Article},
source={Scopus},
}

@ARTICLE{Feredoes200711003,
author={Feredoes, E., Tononi, G., Postle, B.R.},
title={The neural bases of the short-term storage of verbal information are anatomically variable across individuals},
journal={Journal of Neuroscience},
year={2007},
volume={27},
number={41},
pages={11003-11008},
doi={10.1523/JNEUROSCI.1573-07.2007},
note={cited By 32},
url={http://www.scopus.com/inward/record.url?eid=2-s2.0-35348826775&partnerID=40&md5=ca9ffb0ee3910faa445e9f69df244c21},
document_type={Article},
source={Scopus},
}

@ARTICLE{Ferrarelli2012766,
author={Ferrarelli, F., Sarasso, S., Guller, Y., Riedner, B.A., Peterson, M.J., Bellesi, M., Massimini, M., Postle, B.R., Tononi, G.},
title={Reduced natural oscillatory frequency of frontal thalamocortical circuits in schizophrenia},
journal={Archives of General Psychiatry},
year={2012},
volume={69},
number={8},
pages={766-774},
doi={10.1001/archgenpsychiatry.2012.147},
note={cited By 31},
url={http://www.scopus.com/inward/record.url?eid=2-s2.0-84865550028&partnerID=40&md5=db3c5e296a9799ac72681d1704a996dd},
document_type={Article},
source={Scopus},
}

@ARTICLE{Tononi2009S16,
author={Tononi, G.},
title={Slow wave homeostasis and synaptic plasticity},
journal={Journal of Clinical Sleep Medicine},
year={2009},
volume={5},
number={2 SUPPL.},
pages={S16-S19},
note={cited By 31},
url={http://www.scopus.com/inward/record.url?eid=2-s2.0-65349083298&partnerID=40&md5=199431a38d98dacf8a4b701e2e35a190},
document_type={Article},
source={Scopus},
}

@ARTICLE{Moisello2009143,
author={Moisello, C., Crupi, D., Tunik, E., Quartarone, A., Bove, M., Tononi, G., Ghilardi, M.F.},
title={The serial reaction time task revisited: A study on motor sequence learning with an arm-reaching task},
journal={Experimental Brain Research},
year={2009},
volume={194},
number={1},
pages={143-155},
doi={10.1007/s00221-008-1681-5},
note={cited By 31},
url={http://www.scopus.com/inward/record.url?eid=2-s2.0-62149119931&partnerID=40&md5=b8e2f79d723314862cd49b2e21cad805},
document_type={Article},
source={Scopus},
}

@ARTICLE{Vyazovskiy2008591,
author={Vyazovskiy, V.V., Cirelli, C., Tononi, G., Tobler, I.},
title={Cortical metabolic rates as measured by 2-deoxyglucose-uptake are increased after waking and decreased after sleep in mice},
journal={Brain Research Bulletin},
year={2008},
volume={75},
number={5},
pages={591-597},
doi={10.1016/j.brainresbull.2007.10.040},
note={cited By 31},
url={http://www.scopus.com/inward/record.url?eid=2-s2.0-40749127222&partnerID=40&md5=466aa3209c91086ffd4da827d7446f6f},
document_type={Article},
source={Scopus},
}

@ARTICLE{Oizumi2014,
author={Oizumi, M., Albantakis, L., Tononi, G.},
title={From the Phenomenology to the Mechanisms of Consciousness: Integrated Information Theory 3.0},
journal={PLoS Computational Biology},
year={2014},
volume={10},
number={5},
doi={10.1371/journal.pcbi.1003588},
art_number={e1003588},
note={cited By 30},
url={http://www.scopus.com/inward/record.url?eid=2-s2.0-84901675921&partnerID=40&md5=e1e2d547866a5407a7f8e29755363d05},
document_type={Article},
source={Scopus},
}

@ARTICLE{Koch200854,
author={Koch, C., Tononi, G.},
title={Can machines be conscious?},
journal={IEEE Spectrum},
year={2008},
volume={45},
number={6},
pages={54-59},
doi={10.1109/MSPEC.2008.4531463},
note={cited By 30},
url={http://www.scopus.com/inward/record.url?eid=2-s2.0-58149098783&partnerID=40&md5=ed24c7380340ec627a38799d2bd56cc5},
document_type={Article},
source={Scopus},
}

@ARTICLE{Tononi2008330,
author={Tononi, G., Massimini, M.},
title={Why does consciousness fade in early sleep?},
journal={Annals of the New York Academy of Sciences},
year={2008},
volume={1129},
pages={330-334},
doi={10.1196/annals.1417.024},
note={cited By 30},
url={http://www.scopus.com/inward/record.url?eid=2-s2.0-47249090846&partnerID=40&md5=89f5b1205a8b3885c67400863da70948},
document_type={Conference Paper},
source={Scopus},
}

@ARTICLE{Moisello2008165,
author={Moisello, C., Bove, M., Huber, R., Abbruzzese, G., Battaglia, F., Tononi, G., Ghilardi, M.F.},
title={Short-term limb immobilization affects motor performance},
journal={Journal of Motor Behavior},
year={2008},
volume={40},
number={2},
pages={165-173},
doi={10.3200/JMBR.40.2.165-176},
note={cited By 30},
url={http://www.scopus.com/inward/record.url?eid=2-s2.0-41549116879&partnerID=40&md5=8ed15039b4f4e2d1c5e3e7ad557bd175},
document_type={Article},
source={Scopus},
}

@ARTICLE{Tononi1991512,
author={Tononi, G., Pompeiano, M., Cirelli, C.},
title={Suppression of desynchronized sleep through microinjection of the α2-adrenergic agonist clonidine in the dorsal pontine tegmentum of the cat},
journal={Pflügers Archiv European Journal of Physiology},
year={1991},
volume={418},
number={5},
pages={512-518},
doi={10.1007/BF00497780},
note={cited By 30},
url={http://www.scopus.com/inward/record.url?eid=2-s2.0-0025825111&partnerID=40&md5=bf5a56f9b479e380cfda23273e2aadf8},
document_type={Article},
source={Scopus},
}

@ARTICLE{Hamidi2009295,
author={Hamidi, M., Tononi, G., Postle, B.R.},
title={Evaluating the role of prefrontal and parietal cortices in memory-guided response with repetitive transcranial magnetic stimulation},
journal={Neuropsychologia},
year={2009},
volume={47},
number={2},
pages={295-302},
doi={10.1016/j.neuropsychologia.2008.08.026},
note={cited By 29},
url={http://www.scopus.com/inward/record.url?eid=2-s2.0-58849151264&partnerID=40&md5=c1cd8bbb68b63a39de37841338d3a129},
document_type={Article},
source={Scopus},
}

@ARTICLE{Cirelli1995801,
author={Cirelli, C., Pompeiano, M., Arrighi, P., Tononi, G.},
title={Sleep-waking changes after c-fos antisense injections in the medial preoptic area},
journal={NeuroReport},
year={1995},
volume={6},
number={5},
pages={801-805},
note={cited By 29},
url={http://www.scopus.com/inward/record.url?eid=2-s2.0-0028986604&partnerID=40&md5=ca7d9afbc09976e13366ea79e39ec2a8},
document_type={Article},
source={Scopus},
}

@ARTICLE{Riedner2011201,
author={Riedner, B.A., Hulse, B.K., Murphy, M.J., Ferrarelli, F., Tononi, G.},
title={Temporal dynamics of cortical sources underlying spontaneous and peripherally evoked slow waves},
journal={Progress in Brain Research},
year={2011},
volume={193},
pages={201-218},
doi={10.1016/B978-0-444-53839-0.00013-2},
note={cited By 28},
url={http://www.scopus.com/inward/record.url?eid=2-s2.0-80051708978&partnerID=40&md5=68739e6071dd58c24fbd7ef3f4351c2e},
document_type={Article},
source={Scopus},
}

@ARTICLE{Olcese20103476,
author={Olcese, U., Esser, S.K., Tononi, G.},
title={Sleep and synaptic renormalization: A computational study},
journal={Journal of Neurophysiology},
year={2010},
volume={104},
number={6},
pages={3476-3493},
doi={10.1152/jn.00593.2010},
note={cited By 28},
url={http://www.scopus.com/inward/record.url?eid=2-s2.0-78650880240&partnerID=40&md5=86e8f6419a17588d9eac9395aa8c5a71},
document_type={Article},
source={Scopus},
}

@ARTICLE{Perfetti201118,
author={Perfetti, B., Moisello, C., Landsness, E.C., Kvint, S., Pruski, A., Onofrj, M., Tononi, G., Ghilardi, M.F.},
title={Temporal evolution of oscillatory activity predicts performance in a choice-reaction time reaching task},
journal={Journal of Neurophysiology},
year={2011},
volume={105},
number={1},
pages={18-27},
doi={10.1152/jn.00778.2010},
note={cited By 27},
url={http://www.scopus.com/inward/record.url?eid=2-s2.0-78651425525&partnerID=40&md5=65610646f71cc78fd127e6404387cce1},
document_type={Article},
source={Scopus},
}

@ARTICLE{Boly2009383,
author={Boly, M., Massimini, M., Tononi, G.},
title={Theoretical approaches to the diagnosis of altered states of consciousness},
journal={Progress in Brain Research},
year={2009},
volume={177},
number={C},
pages={383-398},
doi={10.1016/S0079-6123(09)17727-0},
note={cited By 27},
url={http://www.scopus.com/inward/record.url?eid=2-s2.0-73949140452&partnerID=40&md5=255dd069c03bac7a74c982662db2ed4a},
document_type={Review},
source={Scopus},
}

@ARTICLE{Jones2008,
author={Jones, S.G., Vyazovskiy, V.V., Cirelli, C., Tononi, G., Benca, R.M.},
title={Homeostatic regulation of sleep in the white-crowned sparrow (Zonotrichia leucophrys gambelii)},
journal={BMC Neuroscience},
year={2008},
volume={9},
doi={10.1186/1471-2202-9-47},
art_number={47},
note={cited By 27},
url={http://www.scopus.com/inward/record.url?eid=2-s2.0-45249085935&partnerID=40&md5=895b6e700ca5d0d3593b19ee87821731},
document_type={Article},
source={Scopus},
}

@ARTICLE{Pompeiano1997143,
author={Pompeiano, M., Cirelli, C., Ronca-Testoni, S., Tononi, G.},
title={NGFI-A expression in the rat brain after sleep deprivation},
journal={Molecular Brain Research},
year={1997},
volume={46},
number={1-2},
pages={143-153},
doi={10.1016/S0169-328X(96)00295-1},
note={cited By 27},
url={http://www.scopus.com/inward/record.url?eid=2-s2.0-0030924864&partnerID=40&md5=cfe8c59de1814b61f77d204c9864cd7f},
document_type={Article},
source={Scopus},
}

@ARTICLE{Krueger20112490,
author={Krueger, J.M., Tononi, G.},
title={Local Use-Dependent sleep; synthesis of the new paradigm},
journal={Current Topics in Medicinal Chemistry},
year={2011},
volume={11},
number={19},
pages={2490-2492},
note={cited By 25},
url={http://www.scopus.com/inward/record.url?eid=2-s2.0-80053490732&partnerID=40&md5=f79831287a12fbc26d41a0d2cc450b25},
document_type={Article},
source={Scopus},
}

@ARTICLE{Balduzzi200815641,
author={Balduzzi, D., Riedner, B.A., Tononi, G.},
title={A BOLD window into brain waves},
journal={Proceedings of the National Academy of Sciences of the United States of America},
year={2008},
volume={105},
number={41},
pages={15641-15642},
doi={10.1073/pnas.0808310105},
note={cited By 25},
url={http://www.scopus.com/inward/record.url?eid=2-s2.0-57349184077&partnerID=40&md5=6b23da3db28f92db3779308695aff728},
document_type={Note},
source={Scopus},
}

@BOOK{Tononi2007287,
author={Tononi, G.},
title={The Information Integration Theory of Consciousness},
journal={The Blackwell Companion to Consciousness},
year={2007},
pages={287-299},
doi={10.1002/9780470751466.ch23},
note={cited By 24},
url={http://www.scopus.com/inward/record.url?eid=2-s2.0-60949514007&partnerID=40&md5=c042dea643a8b9369789115416d66428},
document_type={Book Chapter},
source={Scopus},
}

@ARTICLE{Verschure1995247,
author={Verschure, P.F.M.J., Wray, J., Sporns, O., Tononi, G., Edelman, G.M.},
title={Multilevel analysis of classical conditioning in a behaving real world artifact},
journal={Robotics and Autonomous Systems},
year={1995},
volume={16},
number={2-4},
pages={247-265},
doi={10.1016/0921-8890(95)00050-X},
note={cited By 24},
url={http://www.scopus.com/inward/record.url?eid=2-s2.0-0029483895&partnerID=40&md5=f75f1e1eb24fefb342701c566def561e},
document_type={Article},
source={Scopus},
}

@ARTICLE{Guller2012662,
author={Guller, Y., Ferrarelli, F., Shackman, A.J., Sarasso, S., Peterson, M.J., Langheim, F.J., Meyerand, M.E., Tononi, G., Postle, B.R.},
title={Probing thalamic integrity in schizophrenia using concurrent transcranial magnetic stimulation and functional magnetic resonance imaging},
journal={Archives of General Psychiatry},
year={2012},
volume={69},
number={7},
pages={662-671},
doi={10.1001/archgenpsychiatry.2012.23},
note={cited By 23},
url={http://www.scopus.com/inward/record.url?eid=2-s2.0-84863548185&partnerID=40&md5=274f70c59172b5d7d72b28ead4225d06},
document_type={Article},
source={Scopus},
}

@ARTICLE{Nelson20101659,
author={Nelson, A.B., Faraguna, U., Tononi, G., Cirelli, C.},
title={Effects of anesthesia on the response to sleep deprivation},
journal={Sleep},
year={2010},
volume={33},
number={12},
pages={1659-1667},
note={cited By 23},
url={http://www.scopus.com/inward/record.url?eid=2-s2.0-78649877847&partnerID=40&md5=140c3eb7c5da899efdb1460f118454ed},
document_type={Article},
source={Scopus},
}

@ARTICLE{Bushey2010,
author={Bushey, D., Hughes, K.A., Tononi, G., Cirelli, C.},
title={Sleep, aging, and lifespan in Drosophila},
journal={BMC Neuroscience},
year={2010},
volume={11},
doi={10.1186/1471-2202-11-56},
art_number={56},
note={cited By 23},
url={http://www.scopus.com/inward/record.url?eid=2-s2.0-77951565331&partnerID=40&md5=bc5e3d5d5cb9a20aec26430a6c5bd25f},
document_type={Article},
source={Scopus},
}

@ARTICLE{Bellesi201314288,
author={Bellesi, M., Pfister-Genskow, M., Maret, S., Keles, S., Tononi, G., Cirelli, C.},
title={Effects of sleep and wake on oligodendrocytes and their precursors},
journal={Journal of Neuroscience},
year={2013},
volume={33},
number={36},
pages={14288-14300},
doi={10.1523/JNEUROSCI.5102-12.2013},
note={cited By 22},
url={http://www.scopus.com/inward/record.url?eid=2-s2.0-84883393569&partnerID=40&md5=6de4d424598d41fb67cee948c70619df},
document_type={Article},
source={Scopus},
}

@ARTICLE{Cirelli2004541,
author={Cirelli, C., Tononi, G.},
title={Uncoupling proteins and sleep deprivation},
journal={Archives Italiennes de Biologie},
year={2004},
volume={142},
number={4},
pages={541-549},
note={cited By 22},
url={http://www.scopus.com/inward/record.url?eid=2-s2.0-4644260713&partnerID=40&md5=0e428bd570bf41def7e7f16854571c92},
document_type={Conference Paper},
source={Scopus},
}

@ARTICLE{Edlund2011,
author={Edlund, J.A., Chaumont, N., Hintze, A., Koch, C., Tononi, G., Adami, C.},
title={Integrated information increases with fitness in the evolution of animats},
journal={PLoS Computational Biology},
year={2011},
volume={7},
number={10},
doi={10.1371/journal.pcbi.1002236},
art_number={e1002236},
note={cited By 21},
url={http://www.scopus.com/inward/record.url?eid=2-s2.0-80055105988&partnerID=40&md5=3bee94ce33c239a2fe880374c02f4089},
document_type={Article},
source={Scopus},
}

@ARTICLE{Tononi2006748,
author={Tononi, G., Massimini, M., Riedner, BradyA.},
title={Sleepy Dialogues between Cortex and Hippocampus: Who Talks to Whom?},
journal={Neuron},
year={2006},
volume={52},
number={5},
pages={748-749},
doi={10.1016/j.neuron.2006.11.014},
note={cited By 21},
url={http://www.scopus.com/inward/record.url?eid=2-s2.0-34247170146&partnerID=40&md5=01d4599818eccf97d56c2e3f49049155},
document_type={Short Survey},
source={Scopus},
}

@ARTICLE{Plante2012,
author={Plante, D.T., Landsness, E.C., Peterson, M.J., Goldstein, M.R., Riedner, B.A., Wanger, T., Guokas, J.J., Tononi, G., Benca, R.M.},
title={Sex-related differences in sleep slow wave activity in major depressive disorder: a high-density EEG investigation},
journal={BMC Psychiatry},
year={2012},
volume={12},
doi={10.1186/1471-244X-12-146},
art_number={146},
note={cited By 20},
url={http://www.scopus.com/inward/record.url?eid=2-s2.0-84866265467&partnerID=40&md5=fdcc90f13ab5405c5d7a3d222f92de35},
document_type={Article},
source={Scopus},
}

@ARTICLE{Cheung20102122,
author={Cheung, B.L.P., Riedner, B.A., Tononi, G., Van Veen, B.D.},
title={Estimation of cortical connectivity from EEG using state-space models},
journal={IEEE Transactions on Biomedical Engineering},
year={2010},
volume={57},
number={9},
pages={2122-2134},
doi={10.1109/TBME.2010.2050319},
art_number={5471144},
note={cited By 20},
url={http://www.scopus.com/inward/record.url?eid=2-s2.0-77955870182&partnerID=40&md5=a5a8f074f2d510c33077d6e6380c9e1c},
document_type={Article},
source={Scopus},
}

@ARTICLE{Hamidi20102,
author={Hamidi, M., Slagter, H.A., Tononi, G., Postle, B.R.},
title={Brain responses evoked by high-frequency repetitive transcranial magnetic stimulation: An event-related potential study},
journal={Brain Stimulation},
year={2010},
volume={3},
number={1},
pages={2-14},
doi={10.1016/j.brs.2009.04.001},
note={cited By 20},
url={http://www.scopus.com/inward/record.url?eid=2-s2.0-75149113049&partnerID=40&md5=4764e651abff8a558c2b67ab946f8a31},
document_type={Article},
source={Scopus},
}

@ARTICLE{Sarasso201440,
author={Sarasso, S., Rosanova, M., Casali, A.G., Casarotto, S., Fecchio, M., Boly, M., Gosseries, O., Tononi, G., Laureys, S., Massimini, M.},
title={Quantifying cortical EEG responses to TMS in (Un)consciousness},
journal={Clinical EEG and Neuroscience},
year={2014},
volume={45},
number={1},
pages={40-49},
doi={10.1177/1550059413513723},
note={cited By 19},
url={http://www.scopus.com/inward/record.url?eid=2-s2.0-84894175079&partnerID=40&md5=6b42c8ae214f3e119dff0edc17e3e8cf},
document_type={Article},
source={Scopus},
}

@ARTICLE{Hanlon20112472,
author={Hanlon, E.C., Vyazovskiy, V.V., Faraguna, U., Tononi, G., Cirelli, C.},
title={Synaptic potentiation and sleep need: Clues from molecular and electrophysiological studies},
journal={Current Topics in Medicinal Chemistry},
year={2011},
volume={11},
number={19},
pages={2472-2482},
note={cited By 19},
url={http://www.scopus.com/inward/record.url?eid=2-s2.0-80053501185&partnerID=40&md5=fa32cad6e03d19aba1f7c4725f6adc6a},
document_type={Review},
source={Scopus},
}

@ARTICLE{Koch201144,
author={Koch, C., Tononi, G.},
title={A test for consciousness.},
journal={Scientific American},
year={2011},
volume={304},
number={6},
pages={44-47},
doi={10.1038/scientificamerican0611-44},
note={cited By 18},
url={http://www.scopus.com/inward/record.url?eid=2-s2.0-79960141491&partnerID=40&md5=3ad993fea9c6124584c17368ec5da446},
document_type={Article},
source={Scopus},
}

@ARTICLE{Tononi2001367,
author={Tononi, G.},
title={Information measures for conscious experience},
journal={Archives Italiennes de Biologie},
year={2001},
volume={139},
number={4},
pages={367-371},
note={cited By 18},
url={http://www.scopus.com/inward/record.url?eid=2-s2.0-0034838853&partnerID=40&md5=835cbfc34823720260f0b269779d0a79},
document_type={Article},
source={Scopus},
}

@ARTICLE{Perfetti201114810,
author={Perfetti, B., Moisello, C., Landsness, E.C., Kvint, S., Lanzafame, S., Onofrj, M., di Rocco, A., Tononi, G., Felice Ghilardi, M.},
title={Modulation of gamma and theta spectral amplitude and phase synchronization is associated with the development of visuo-motor learning},
journal={Journal of Neuroscience},
year={2011},
volume={31},
number={41},
pages={14810-14819},
doi={10.1523/JNEUROSCI.1319-11.2011},
note={cited By 17},
url={http://www.scopus.com/inward/record.url?eid=2-s2.0-80054020346&partnerID=40&md5=6eb790b1c26646c03f3db5700cb02029},
document_type={Article},
source={Scopus},
}

@BOOK{Tononi2009375,
author={Tononi, G., Laureys, S.},
title={The neurology of consciousness: An overview},
journal={The Neurology of Consciousness},
year={2009},
pages={375-412},
doi={10.1016/B978-0-12-374168-4.00028-9},
note={cited By 17},
url={http://www.scopus.com/inward/record.url?eid=2-s2.0-58149094160&partnerID=40&md5=9126518f30cdc91c04207ed3064e88b8},
document_type={Book Chapter},
source={Scopus},
}

@ARTICLE{Cirelli1999117,
author={Cirelli, C., Tononi, G.},
title={Differences in gene expression during sleep and wakefulness},
journal={Annals of Medicine},
year={1999},
volume={31},
number={2},
pages={117-124},
note={cited By 17},
url={http://www.scopus.com/inward/record.url?eid=2-s2.0-0032947490&partnerID=40&md5=12d7afdd14d37c606005aa7d31ff50fb},
document_type={Review},
source={Scopus},
}

@ARTICLE{Cirelli199811,
author={Cirelli, C., Tononi, G.},
title={Changes in anti-phosphoserine and anti-phosphothreonine antibody binding during the sleep-waking cycle and after lesions of the locus coeruleus},
journal={Sleep Research Online},
year={1998},
volume={1},
number={1},
pages={11-18},
note={cited By 17},
url={http://www.scopus.com/inward/record.url?eid=2-s2.0-0032229155&partnerID=40&md5=6d7316d20f435f8b937e492c8e143a0f},
document_type={Article},
source={Scopus},
}

@ARTICLE{Tononi199521,
author={Tononi, G., Cirelli, C., Pompeiano, M.},
title={Changes in gene expression during the sleep-waking cycle: A new view of activating systems},
journal={Archives Italiennes de Biologie},
year={1995},
volume={134},
number={1},
pages={21-37},
note={cited By 17},
url={http://www.scopus.com/inward/record.url?eid=2-s2.0-0029564234&partnerID=40&md5=1bb169b14cc06ed226e9e59b8a410bb6},
document_type={Review},
source={Scopus},
}

@ARTICLE{Massimini201244,
author={Massimini, M., Ferrarelli, F., Sarasso, S., Tononi, G.},
title={Cortical mechanisms of loss of consciousness: Insight from TMS/EEG studies},
journal={Archives Italiennes de Biologie},
year={2012},
volume={150},
number={2-3},
pages={44-55},
note={cited By 16},
url={http://www.scopus.com/inward/record.url?eid=2-s2.0-84872412375&partnerID=40&md5=2a04aa71a4ff82c93d9fb2a0ed958690},
document_type={Article},
source={Scopus},
}

@ARTICLE{Pompeiano2001120,
author={Pompeiano, O., D'Ascanio, P., Centini, C., Pompeiano, M., Cirelli, C., Tononi, G.},
title={Immediate early gene expression in the vestibular nuclei and related vegetative areas in rats during space flight},
journal={Acta Oto-Laryngologica, Supplement},
year={2001},
number={545},
pages={120-126},
note={cited By 16},
url={http://www.scopus.com/inward/record.url?eid=2-s2.0-0034740965&partnerID=40&md5=9d467bee0461a00021a357b9e17aecee},
document_type={Conference Paper},
source={Scopus},
}

@ARTICLE{Faraguna20102939,
author={Faraguna, U., Nelson, A., Vyazovskiy, V.V., Cirelli, C., Tononi, G.},
title={Unilateral cortical spreading depression affects sleep need and induces molecular and electrophysiological signs of synaptic potentiation in vivo},
journal={Cerebral Cortex},
year={2010},
volume={20},
number={12},
pages={2939-2947},
doi={10.1093/cercor/bhq041},
note={cited By 15},
url={http://www.scopus.com/inward/record.url?eid=2-s2.0-77958154494&partnerID=40&md5=df422d64bac8f0c725b2ed88251ed133},
document_type={Article},
source={Scopus},
}

@ARTICLE{Tononi1989142,
author={Tononi, G., Pompeiano, M., Pompeiano, O.},
title={Modulation of desynchronized sleep through microinjection of β-adrenergic agonists and antagonists in the dorsal pontine tegmentum of the cat},
journal={Pflügers Archiv European Journal of Physiology},
year={1989},
volume={415},
number={2},
pages={142-149},
doi={10.1007/BF00370584},
note={cited By 15},
url={http://www.scopus.com/inward/record.url?eid=2-s2.0-0024317630&partnerID=40&md5=5a41e3eb78488c8af6cf922df9628d9b},
document_type={Article},
source={Scopus},
}

@ARTICLE{Tononi2012293,
author={Tononi, G.},
title={Integrated information theory of consciousness: an updated account.},
journal={Archives italiennes de biologie},
year={2012},
volume={150},
number={4},
pages={293-329},
note={cited By 14},
url={http://www.scopus.com/inward/record.url?eid=2-s2.0-84881077680&partnerID=40&md5=810dcddc4d747b9c8454cef4a2445e2a},
document_type={Review},
source={Scopus},
}

@ARTICLE{Dash2012909,
author={Dash, M.B., Tononi, G., Cirelli, C.},
title={Extracellular levels of lactate, but not oxygen, reflect sleep homeostasis in the rat cerebral cortex},
journal={Sleep},
year={2012},
volume={35},
number={7},
pages={909-919},
doi={10.5665/sleep.1950},
note={cited By 14},
url={http://www.scopus.com/inward/record.url?eid=2-s2.0-84863200939&partnerID=40&md5=6e01d893879e518e6c63bc568adff191},
document_type={Article},
source={Scopus},
}

@ARTICLE{Cirelli1992273,
author={Cirelli, C., Tononi, G., Pompeiano, M., Pompeiano, O., Gennari, A.},
title={Modulation of desynchronized sleep through microinjection of α1-adrenergic agonists and antagonists in the dorsal pontine tegmentum of the cat},
journal={Pflügers Archiv European Journal of Physiology},
year={1992},
volume={422},
number={3},
pages={273-279},
doi={10.1007/BF00376213},
note={cited By 14},
url={http://www.scopus.com/inward/record.url?eid=2-s2.0-0026676253&partnerID=40&md5=394a247a0f331035cb6bfae0393a2f6e},
document_type={Article},
source={Scopus},
}

@ARTICLE{Plante2013120,
author={Plante, D.T., Goldstein, M.R., Landsness, E.C., Peterson, M.J., Riedner, B.A., Ferrarelli, F., Wanger, T., Guokas, J.J., Tononi, G., Benca, R.M.},
title={Topographic and sex-related differences in sleep spindles in major depressive disorder: A high-density EEG investigation},
journal={Journal of Affective Disorders},
year={2013},
volume={146},
number={1},
pages={120-125},
doi={10.1016/j.jad.2012.06.016},
note={cited By 13},
url={http://www.scopus.com/inward/record.url?eid=2-s2.0-84874532441&partnerID=40&md5=92f37c9c7ae42800a9d592e39b31e798},
document_type={Article},
source={Scopus},
}

@ARTICLE{Goldstein2012468,
author={Goldstein, M.R., Plante, D.T., Hulse, B.K., Sarasso, S., Landsness, E.C., Tononi, G., Benca, R.M.},
title={Overnight changes in waking auditory evoked potential amplitude reflect altered sleep homeostasis in major depression},
journal={Acta Psychiatrica Scandinavica},
year={2012},
volume={125},
number={6},
pages={468-477},
doi={10.1111/j.1600-0447.2011.01796.x},
note={cited By 13},
url={http://www.scopus.com/inward/record.url?eid=2-s2.0-84860837930&partnerID=40&md5=7b0e5336280ade10200126c314132960},
document_type={Article},
source={Scopus},
}

@ARTICLE{Landsness20112418,
author={Landsness, E.C., Ferrarelli, F., Sarasso, S., Goldstein, M.R., Riedner, B.A., Cirelli, C., Perfetti, B., Moisello, C., Ghilardi, M.F., Tononi, G.},
title={Electrophysiological traces of visuomotor learning and their renormalization after sleep},
journal={Clinical Neurophysiology},
year={2011},
volume={122},
number={12},
pages={2418-2425},
doi={10.1016/j.clinph.2011.05.001},
note={cited By 13},
url={http://www.scopus.com/inward/record.url?eid=2-s2.0-80054021382&partnerID=40&md5=1d616a9ae2c97fd2086286d6ca99723a},
document_type={Article},
source={Scopus},
}

@ARTICLE{Weber2009313,
author={Weber, B., Schaper, C., Bushey, D., Rohlfs, M., Steinfath, M., Tononi, G., Cirelli, C., Scholz, J., Bein, B.},
title={Increased volatile anesthetic requirement in short-sleeping drosophila mutants},
journal={Anesthesiology},
year={2009},
volume={110},
number={2},
pages={313-316},
doi={10.1097/ALN.0b013e3181942df2},
note={cited By 13},
url={http://www.scopus.com/inward/record.url?eid=2-s2.0-61549092802&partnerID=40&md5=236a508c616fceae9c557d4bdfe4d422},
document_type={Article},
source={Scopus},
}

@ARTICLE{Nere2013,
author={Nere, A., Hashmi, A., Cirelli, C., Tononi, G.},
title={Sleep-dependent synaptic down-selection (I): Modeling the benefits of sleep on memory consolidation and integration},
journal={Frontiers in Neurology},
year={2013},
volume={4 SEP},
doi={10.3389/fneur.2013.00143},
art_number={Article 143},
note={cited By 12},
url={http://www.scopus.com/inward/record.url?eid=2-s2.0-84885351025&partnerID=40&md5=bf238b483fafac2427aea660a68f1d02},
document_type={Article},
source={Scopus},
}

@ARTICLE{Murphy20112438,
author={Murphy, M., Huber, R., Esser, S., Riedner, B.A., Massimini, M., Ferrarelli, F., Ghilardi, M.F., Tononi, G.},
title={The cortical topography of local sleep},
journal={Current Topics in Medicinal Chemistry},
year={2011},
volume={11},
number={19},
pages={2438-2446},
note={cited By 12},
url={http://www.scopus.com/inward/record.url?eid=2-s2.0-80053559857&partnerID=40&md5=9d808a85676c9ab9feb5159b0785a495},
document_type={Article},
source={Scopus},
}

@ARTICLE{Tononi20073648,
author={Tononi, G., Cirelli, C.},
title={Staying awake puts pressure on brain arousal systems},
journal={Journal of Clinical Investigation},
year={2007},
volume={117},
number={12},
pages={3648-3650},
doi={10.1172/JCI34250},
note={cited By 12},
url={http://www.scopus.com/inward/record.url?eid=2-s2.0-36849028676&partnerID=40&md5=b30c60d77f676fed6b3053f6453487c5},
document_type={Review},
source={Scopus},
}

@ARTICLE{Cirelli1995151,
author={Cirelli, C., Pompeiano, M., Tononi, G.},
title={In vivo antisense approaches to the role of immediate early gene expression in the brain},
journal={Regulatory Peptides},
year={1995},
volume={59},
number={2},
pages={151-162},
doi={10.1016/0167-0115(95)00097-U},
note={cited By 12},
url={http://www.scopus.com/inward/record.url?eid=2-s2.0-0028867610&partnerID=40&md5=cd224f6ba90ff61fd22c3f93836ca138},
document_type={Article},
source={Scopus},
}

@ARTICLE{Tononi1991545,
author={Tononi, G., Pompeiano, M., Cirelli, C.},
title={Effects of local pontine injection of noradrenergic agents on desynchronized sleep of the cat},
journal={Progress in Brain Research},
year={1991},
volume={88},
pages={545-553},
note={cited By 12},
url={http://www.scopus.com/inward/record.url?eid=2-s2.0-0025757317&partnerID=40&md5=b55ddb1f5542d225b58072f03f6d9c1d},
document_type={Conference Paper},
source={Scopus},
}

@ARTICLE{Hulse20111549,
author={Hulse, B.K., Landsness, E.C., Sarasso, S., Ferrarelli, F., Guokas, J.J., Wanger, T., Tononi, G.},
title={A postsleep decline in auditory evoked potential amplitude reflects sleep homeostasis},
journal={Clinical Neurophysiology},
year={2011},
volume={122},
number={8},
pages={1549-1555},
doi={10.1016/j.clinph.2011.01.041},
note={cited By 11},
url={http://www.scopus.com/inward/record.url?eid=2-s2.0-79960267445&partnerID=40&md5=62d08af1b49e6e9e5b0bed38380e288c},
document_type={Article},
source={Scopus},
}

@ARTICLE{Cirelli2001399,
author={Cirelli, C., Tononi, G.},
title={The search for the molecular correlates of sleep and wakefulness},
journal={Sleep Medicine Reviews},
year={2001},
volume={5},
number={5},
pages={399-410},
note={cited By 11},
url={http://www.scopus.com/inward/record.url?eid=2-s2.0-0035176411&partnerID=40&md5=8b1d58e6c35c1eb7429b2b0ea28ba3b9},
document_type={Review},
source={Scopus},
}

@ARTICLE{Siclari2013,
author={Siclari, F., LaRocque, J.J., Postle, B.R., Tononi, G.},
title={Assessing sleep consciousness within subjects using a serial awakening paradigm},
journal={Frontiers in Psychology},
year={2013},
volume={4},
number={AUG},
doi={10.3389/fpsyg.2013.00542},
art_number={Article 542},
note={cited By 10},
url={http://www.scopus.com/inward/record.url?eid=2-s2.0-84885338664&partnerID=40&md5=e8304dba1b8cd8c0a0aa5c1332f499bc},
document_type={Article},
source={Scopus},
}

@ARTICLE{Ferrarelli2013,
author={Ferrarelli, F., Smith, R., Dentico, D., Riedner, B.A., Zennig, C., Benca, R.M., Lutz, A., Davidson, R.J., Tononi, G.},
title={Experienced Mindfulness Meditators Exhibit Higher Parietal-Occipital EEG Gamma Activity during NREM Sleep},
journal={PLoS ONE},
year={2013},
volume={8},
number={8},
doi={10.1371/journal.pone.0073417},
art_number={e73417},
note={cited By 10},
url={http://www.scopus.com/inward/record.url?eid=2-s2.0-84883361310&partnerID=40&md5=5d21241c52a645f6fd6e3f51e0f9602f},
document_type={Article},
source={Scopus},
}

@ARTICLE{Nere2012,
author={Nere, A., Olcese, U., Balduzzi, D., Tononi, G.},
title={A neuromorphic architecture for object recognition and motion anticipation using burst-STDP.},
journal={PloS one},
year={2012},
volume={7},
number={5},
art_number={e36958},
note={cited By 10},
url={http://www.scopus.com/inward/record.url?eid=2-s2.0-84872029626&partnerID=40&md5=4e63a1a6158513c301efb566cce7caa8},
document_type={Article},
source={Scopus},
}

@ARTICLE{Sarasso2010271,
author={Sarasso, S., Santhanam, P., Määtta, S., Poryazova, R., Ferrarelli, F., Tononi, G., Small, S.L.},
title={Non-fluent aphasia and neural reorganization after speech therapy: Insights from human sleep electrophysiology and functional magnetic resonance imaging},
journal={Archives Italiennes de Biologie},
year={2010},
volume={148},
number={3},
pages={271-278},
note={cited By 10},
url={http://www.scopus.com/inward/record.url?eid=2-s2.0-78650492825&partnerID=40&md5=27cb519c7bca06442955c816450eac42},
document_type={Article},
source={Scopus},
}

@ARTICLE{Mashour20051768,
author={Mashour, G.A., Tononi, G., Massimini, M.},
title={Cognitive unbinding in sleep and anesthesia [3] (multiple letters)},
journal={Science},
year={2005},
volume={310},
number={5755},
pages={1768-1769},
note={cited By 10},
url={http://www.scopus.com/inward/record.url?eid=2-s2.0-29144493110&partnerID=40&md5=b79f0957d7fb4e5035e9f02a2bccc42c},
document_type={Letter},
source={Scopus},
}

@ARTICLE{Hoel201319790,
author={Hoel, E.P., Albantakis, L., Tononi, G.},
title={Quantifying causal emergence shows that macro can beat micro},
journal={Proceedings of the National Academy of Sciences of the United States of America},
year={2013},
volume={110},
number={49},
pages={19790-19795},
doi={10.1073/pnas.1314922110},
note={cited By 9},
url={http://www.scopus.com/inward/record.url?eid=2-s2.0-84889666451&partnerID=40&md5=366368e2cee65c38dc0f963f9be6bead},
document_type={Article},
source={Scopus},
}

@ARTICLE{Langheim2011496,
author={Langheim, F.J.P., Murphy, M., Riedner, B.A., Tononi, G.},
title={Functional connectivity in slow-wave sleep: Identification of synchronous cortical activity during wakefulness and sleep using time series analysis of electroencephalographic data},
journal={Journal of Sleep Research},
year={2011},
volume={20},
number={4},
pages={496-505},
doi={10.1111/j.1365-2869.2011.00911.x},
note={cited By 9},
url={http://www.scopus.com/inward/record.url?eid=2-s2.0-81255134320&partnerID=40&md5=d62b6b007311110326177dffeab5c732},
document_type={Article},
source={Scopus},
}

@ARTICLE{Borbély1998167,
author={Borbély, A.A., Tononi, G.},
title={The quest for the essence of sleep},
journal={Daedalus},
year={1998},
volume={127},
number={2},
pages={167-196},
note={cited By 9},
url={http://www.scopus.com/inward/record.url?eid=2-s2.0-0013666319&partnerID=40&md5=4f5b87312ffaf2cd73cb6257d52d72b2},
document_type={Article},
source={Scopus},
}

@ARTICLE{Pompeiano1990347,
author={Pompeiano, M., Tononi, G.},
title={Changes in pontine muscarinic receptor binding during sleep-waking states in the rat},
journal={Neuroscience Letters},
year={1990},
volume={109},
number={3},
pages={347-352},
doi={10.1016/0304-3940(90)90020-A},
note={cited By 9},
url={http://www.scopus.com/inward/record.url?eid=2-s2.0-0025058607&partnerID=40&md5=972c92b547a35d33f5de6d9e07ca5b10},
document_type={Article},
source={Scopus},
}

@ARTICLE{Hashmi2013,
author={Hashmi, A., Nere, A., Tononi, G.},
title={Sleep-dependent synaptic down-selection (II): Single-neuron level benefits for matching, selectivity, and specificity},
journal={Frontiers in Neurology},
year={2013},
volume={4 OCT},
doi={10.3389/fneur.2013.00148},
art_number={Article 148},
note={cited By 8},
url={http://www.scopus.com/inward/record.url?eid=2-s2.0-84885367629&partnerID=40&md5=b1980a090590136f48a1aec7a5ecc5ed},
document_type={Article},
source={Scopus},
}

@ARTICLE{Vyazovskiy2013239,
author={Vyazovskiy, V.V., Olcese, U., Cirelli, C., Tononi, G.},
title={Prolonged wakefulness alters neuronal responsiveness to local electrical stimulation of the neocortex in awake rats},
journal={Journal of Sleep Research},
year={2013},
volume={22},
number={3},
pages={239-250},
doi={10.1111/jsr.12009},
note={cited By 8},
url={http://www.scopus.com/inward/record.url?eid=2-s2.0-84877811297&partnerID=40&md5=134c0c1aea5c016b294fac76d6089f95},
document_type={Article},
source={Scopus},
}

@ARTICLE{Dash201379,
author={Dash, M.B., Bellesi, M., Tononi, G., Cirelli, C.},
title={Sleep/wake dependent changes in cortical glucose concentrations},
journal={Journal of Neurochemistry},
year={2013},
volume={124},
number={1},
pages={79-89},
doi={10.1111/jnc.12063},
note={cited By 8},
url={http://www.scopus.com/inward/record.url?eid=2-s2.0-84870914424&partnerID=40&md5=b34a69e88b87768af76f099eb48e167c},
document_type={Article},
source={Scopus},
}

@ARTICLE{Perfetti2010279,
author={Perfetti, B., Moisello, C., Lanzafame, S., Varanese, S., Landsness, E.C., Onofrj, M., Di Rocco, A., Tononi, G., Ghilardi, M.F.},
title={Attention modulation regulates both motor and non-motor performance: A high-density EEG study in Parkinson's disease},
journal={Archives Italiennes de Biologie},
year={2010},
volume={148},
number={3},
pages={279-288},
note={cited By 8},
url={http://www.scopus.com/inward/record.url?eid=2-s2.0-78650496977&partnerID=40&md5=659cac169ea14e489448b8197034ae98},
document_type={Article},
source={Scopus},
}

@BOOK{Laureys200931,
author={Laureys, S., Boly, M., Tononi, G.},
title={Functional neuroimaging},
journal={The Neurology of Consciousness},
year={2009},
pages={31-42},
doi={10.1016/B978-0-12-374168-4.00003-4},
note={cited By 8},
url={http://www.scopus.com/inward/record.url?eid=2-s2.0-84882489045&partnerID=40&md5=4d78c5eb4c7bd93b3ae2ea0228b5c99c},
document_type={Book Chapter},
source={Scopus},
}

@ARTICLE{Salbaum200420,
author={Salbaum, J.M., Cirelli, C., Walcott, E., Krushel, L.A., Edelman, G.M., Tononi, G.},
title={Chlorotoxin-mediated disinhibition of noradrenergic locus coeruleus neurons using a conditional transgenic approach},
journal={Brain Research},
year={2004},
volume={1016},
number={1},
pages={20-32},
doi={10.1016/j.brainres.2004.03.078},
note={cited By 8},
url={http://www.scopus.com/inward/record.url?eid=2-s2.0-3042559658&partnerID=40&md5=ed968c686a11dad40520e719c1ef25e8},
document_type={Article},
source={Scopus},
}

@ARTICLE{D'Ascanio198981,
author={D'Ascanio, P., Pompeiano, M., Tononi, G.},
title={Inhibition of vestibulospinal reflexes during the episodes of postural atonia induced by unilateral lesion of the locus coeruleus in the decerebrate cat},
journal={Archives Italiennes de Biologie},
year={1989},
volume={127},
number={2},
pages={81-97},
note={cited By 8},
url={http://www.scopus.com/inward/record.url?eid=2-s2.0-0024605015&partnerID=40&md5=b3e55f95a747a72b361dc5047a00f5ea},
document_type={Article},
source={Scopus},
}

@ARTICLE{Bellesi2014,
author={Bellesi, M., Riedner, B.A., Garcia-Molina, G.N., Cirelli, C., Tononi, G.},
title={Enhancement of sleep slow waves: Underlying mechanisms and practical consequences},
journal={Frontiers in Systems Neuroscience},
year={2014},
volume={8},
number={October},
page_count={17},
doi={10.3389/fnsys.2014.00208},
art_number={208},
note={cited By 7},
url={http://www.scopus.com/inward/record.url?eid=2-s2.0-84908375764&partnerID=40&md5=3eeda3079ee06142fc635a7dde2de265},
document_type={Article},
source={Scopus},
}

@ARTICLE{Jones2014399,
author={Jones, S.G., Riedner, B.A., Smith, R.F., Ferrarelli, F., Tononi, G., Davidson, R.J., Benca, R.M.},
title={Regional reductions in sleep electroencephalography power in obstructive sleep apnea: A high-density EEG Study},
journal={Sleep},
year={2014},
volume={37},
number={2},
pages={399-407},
doi={10.5665/sleep.3424},
note={cited By 7},
url={http://www.scopus.com/inward/record.url?eid=2-s2.0-84893482595&partnerID=40&md5=98e6bad4bff4dd89cc09e67260a2950a},
document_type={Article},
source={Scopus},
}

@ARTICLE{Siclari20141621,
author={Siclari, F., Bernardi, G., Riedner, B.A., LaRocque, J.J., Benca, R.M., Tononi, G.},
title={Two distinct synchronization processes in the transition to sleep: A high-density electroencephalographic study},
journal={Sleep},
year={2014},
volume={37},
number={10},
pages={1621-1637F},
doi={10.5665/sleep.4070},
note={cited By 7},
url={http://www.scopus.com/inward/record.url?eid=2-s2.0-84907945266&partnerID=40&md5=42f8ed623b111e2ad84d71f44963bb02},
document_type={Article},
source={Scopus},
}

@ARTICLE{Joshi2013,
author={Joshi, N.J., Tononi, G., Koch, C.},
title={The Minimal Complexity of Adapting Agents Increases with Fitness},
journal={PLoS Computational Biology},
year={2013},
volume={9},
number={7},
doi={10.1371/journal.pcbi.1003111},
art_number={e1003111},
note={cited By 7},
url={http://www.scopus.com/inward/record.url?eid=2-s2.0-84880852329&partnerID=40&md5=c90c3f9dcc6556ddc89f33bab26d8cd3},
document_type={Article},
source={Scopus},
}

@ARTICLE{Chang2012,
author={Chang, J.-Y., Pigorini, A., Massimini, M., Tononi, G., Nobili, L., Van Veen, B.D.},
title={Multivariate autoregressive models with exogenous inputs for intracerebral responses to direct electrical stimulation of the human brain},
journal={Frontiers in Human Neuroscience},
year={2012},
number={NOVEMBER 2012},
doi={10.3389/fnhum.2012.00317},
note={cited By 7},
url={http://www.scopus.com/inward/record.url?eid=2-s2.0-84933677329&partnerID=40&md5=4a960a02eaee718a535c5f6822a924e2},
document_type={Article},
source={Scopus},
}

@ARTICLE{Cirelli2011191,
author={Cirelli, C., Tononi, G.},
title={Molecular neurobiology of sleep},
journal={Handbook of Clinical Neurology},
year={2011},
volume={98},
number={C},
pages={191-203},
doi={10.1016/B978-0-444-52006-7.00012-5},
note={cited By 7},
url={http://www.scopus.com/inward/record.url?eid=2-s2.0-78149368211&partnerID=40&md5=005b4a2a67c7c4f675feb39a94e72e00},
document_type={Book},
source={Scopus},
}

@ARTICLE{Tononi2005S8,
author={Tononi, G.},
title={The neuro-biomolecular basis of alertness in sleep disorders},
journal={Sleep Medicine},
year={2005},
volume={6},
number={SUPPL. 1},
pages={S8-S12},
doi={10.1016/S1389-9457(05)80003-6},
note={cited By 7},
url={http://www.scopus.com/inward/record.url?eid=2-s2.0-24344498245&partnerID=40&md5=bb9e5663cd645377a65011321f626e53},
document_type={Article},
source={Scopus},
}

@ARTICLE{Nitz2002265,
author={Nitz, D., Tononi, G.},
title={Tonic rhythmic activity of rat cerebellar neurons},
journal={Experimental Brain Research},
year={2002},
volume={146},
number={2},
pages={265-270},
doi={10.1007/s00221-002-1205-7},
note={cited By 7},
url={http://www.scopus.com/inward/record.url?eid=2-s2.0-0036037281&partnerID=40&md5=3033b1667a0d2ae22606f16fb847eec4},
document_type={Article},
source={Scopus},
}

@ARTICLE{Pompeiano2001127,
author={Pompeiano, M., D'Ascanio, P., Centini, C., Pompeiano, O., Cirelli, C., Tononi, G.},
title={Fos-related antigens are involved in the transcriptional responses of locus coeruleus neurons to altered gravitational fields in rats},
journal={Acta Oto-Laryngologica, Supplement},
year={2001},
number={545},
pages={127-132},
note={cited By 7},
url={http://www.scopus.com/inward/record.url?eid=2-s2.0-0034740969&partnerID=40&md5=c1aa752f4410f38dd92d63151912bfa6},
document_type={Conference Paper},
source={Scopus},
}

@ARTICLE{Cirelli1995143,
author={Cirelli, C., Pompeiano, M., Arrighi, P., Tononi, G.},
title={Fos-positive cells associated with forced wakefulness in the hypothalamus of the rat are not GABAergic.},
journal={Archives Italiennes de Biologie},
year={1995},
volume={133},
number={2},
pages={143-148},
note={cited By 7},
url={http://www.scopus.com/inward/record.url?eid=2-s2.0-0029261710&partnerID=40&md5=d65313826dd12e7cef4dbd057b1c4143},
document_type={Article},
source={Scopus},
}

@ARTICLE{Deco2015430,
author={Deco, G., Tononi, G., Boly, M., Kringelbach, M.L.},
title={Rethinking segregation and integration: Contributions of whole-brain modelling},
journal={Nature Reviews Neuroscience},
year={2015},
volume={16},
number={7},
pages={430-439},
doi={10.1038/nrn3963},
note={cited By 6},
url={http://www.scopus.com/inward/record.url?eid=2-s2.0-84932197976&partnerID=40&md5=b2fc9dc757d648b4ffe88bf2bd2fca6a},
document_type={Review},
source={Scopus},
}

@ARTICLE{Vyazovskiy20141337,
author={Vyazovskiy, V.V., Cui, N., Rodriguez, A.V., Funk, C., Cirelli, C., Tononi, G.},
title={The dynamics of cortical neuronal activity in the first minutes after spontaneous awakening in rats and mice},
journal={Sleep},
year={2014},
volume={37},
number={8},
pages={1337-1347},
doi={10.5665/sleep.3926},
note={cited By 6},
url={http://www.scopus.com/inward/record.url?eid=2-s2.0-84905223049&partnerID=40&md5=99d059489c1f900eb915245b40194bb3},
document_type={Article},
source={Scopus},
}

@ARTICLE{Deco20143180,
author={Deco, G., Hagmann, P., Hudetz, A.G., Tononi, G.},
title={Modeling resting-state functional networks when the cortex falls asleep: Local and global changes},
journal={Cerebral Cortex},
year={2014},
volume={24},
number={12},
pages={3180-3194},
doi={10.1093/cercor/bht176},
note={cited By 6},
url={http://www.scopus.com/inward/record.url?eid=2-s2.0-84917720552&partnerID=40&md5=688f1f7ca854110f08552bf6f0ec6bb9},
document_type={Article},
source={Scopus},
}

@ARTICLE{Piantoni2013213,
author={Piantoni, G., Cheung, B.L.P., Van Veen, B.D., Romeijn, N., Riedner, B.A., Tononi, G., Van Der Werf, Y.D., Van Someren, E.J.W.},
title={Disrupted directed connectivity along the cingulate cortex determines vigilance after sleep deprivation},
journal={NeuroImage},
year={2013},
volume={79},
pages={213-222},
doi={10.1016/j.neuroimage.2013.04.103},
note={cited By 6},
url={http://www.scopus.com/inward/record.url?eid=2-s2.0-84878218088&partnerID=40&md5=b579a8e4b30ddbc42718e3d737d3aa61},
document_type={Article},
source={Scopus},
}

@ARTICLE{Balduzzi201327,
author={Balduzzi, D., Tononi, G.},
title={What can neurons do for their brain? Communicate selectivity with bursts},
journal={Theory in Biosciences},
year={2013},
volume={132},
number={1},
pages={27-39},
doi={10.1007/s12064-012-0165-0},
note={cited By 6},
url={http://www.scopus.com/inward/record.url?eid=2-s2.0-84873719196&partnerID=40&md5=fe5bf2985ab213e72519183c0987473a},
document_type={Article},
source={Scopus},
}

@ARTICLE{Plante2012240,
author={Plante, D.T., Landsness, E.C., Peterson, M.J., Goldstein, M.R., Wanger, T., Guokas, J.J., Tononi, G., Benca, R.M.},
title={Altered slow wave activity in major depressive disorder with hypersomnia: A high density EEG pilot study},
journal={Psychiatry Research - Neuroimaging},
year={2012},
volume={201},
number={3},
pages={240-244},
doi={10.1016/j.pscychresns.2012.03.001},
note={cited By 6},
url={http://www.scopus.com/inward/record.url?eid=2-s2.0-84861456115&partnerID=40&md5=c1c0c941ac529f73068a064a1f13b3ec},
document_type={Article},
source={Scopus},
}

@BOOK{Laureys2009,
author={Laureys, S., Tononi, G.},
title={The Neurology of Consciousness},
journal={The Neurology of Consciousness},
year={2009},
page_count={423},
note={cited By 6},
url={http://www.scopus.com/inward/record.url?eid=2-s2.0-84882556270&partnerID=40&md5=9f075098a61b0d17f46610739d1e3349},
document_type={Book},
source={Scopus},
}

@ARTICLE{Cirelli200959,
author={Cirelli, C., Pfister-Genskow, M., Mccarthy, D., Woodbury, R., Tononi, G.},
title={Proteomic profiling of the rat cerebral cortex in sleep and waking},
journal={Archives Italiennes de Biologie},
year={2009},
volume={147},
number={3},
pages={59-68},
note={cited By 6},
url={http://www.scopus.com/inward/record.url?eid=2-s2.0-71949096197&partnerID=40&md5=85af13de4e4548a0c5b1877029b63487},
document_type={Article},
source={Scopus},
}

@ARTICLE{Tononi1999417,
author={Tononi, G., Cirelli, C.},
title={The frontiers of sleep},
journal={Trends in Neurosciences},
year={1999},
volume={22},
number={10},
pages={417-418},
doi={10.1016/S0166-2236(99)01483-6},
note={cited By 6},
url={http://www.scopus.com/inward/record.url?eid=2-s2.0-0033214333&partnerID=40&md5=c86553bf378861ee13d288ed8123bf56},
document_type={Conference Paper},
source={Scopus},
}

@ARTICLE{Sarasso2014129,
author={Sarasso, S., Määttä, S., Ferrarelli, F., Poryazova, R., Tononi, G., Small, S.L.},
title={Plastic changes following imitation-based speech and language therapy for aphasia: A high-density sleep EEG study},
journal={Neurorehabilitation and Neural Repair},
year={2014},
volume={28},
number={2},
pages={129-138},
doi={10.1177/1545968313498651},
note={cited By 5},
url={http://www.scopus.com/inward/record.url?eid=2-s2.0-84892779002&partnerID=40&md5=533832a58c1a734b49420f83cbc1a0fb},
document_type={Article},
source={Scopus},
}

@BOOK{Tononi200989,
author={Tononi, G.},
title={Sleep and dreaming},
journal={The Neurology of Consciousness},
year={2009},
pages={89-107},
doi={10.1016/B978-0-12-374168-4.00008-3},
note={cited By 5},
url={http://www.scopus.com/inward/record.url?eid=2-s2.0-74749104979&partnerID=40&md5=66efa7e6bf9f8ce58d3ccb7aaec42da8},
document_type={Book Chapter},
source={Scopus},
}

@CONFERENCE{Cheung200961,
author={Cheung, B.L.P., Riedner, B., Tononi, G., Van Veen, B.D.},
title={State-space multivariate autoregressive models for estimation of cortical connectivity from EEG},
journal={Proceedings of the 31st Annual International Conference of the IEEE Engineering in Medicine and Biology Society: Engineering the Future of Biomedicine, EMBC 2009},
year={2009},
pages={61-64},
doi={10.1109/IEMBS.2009.5335049},
art_number={5335049},
note={cited By 5},
url={http://www.scopus.com/inward/record.url?eid=2-s2.0-77950988021&partnerID=40&md5=556babd235aaf2c687d92cfeadcdd7ac},
document_type={Conference Paper},
source={Scopus},
}

@ARTICLE{Tononi2015,
author={Tononi, G., Koch, C.},
title={Consciousness: Here, there and everywhere?},
journal={Philosophical Transactions of the Royal Society B: Biological Sciences},
year={2015},
volume={370},
number={1668},
page_count={18},
doi={10.1098/rstb.2014.0167},
art_number={20140167},
note={cited By 4},
url={http://www.scopus.com/inward/record.url?eid=2-s2.0-84926143005&partnerID=40&md5=34414229c279b43b7090d369c0b8f3ee},
document_type={Review},
source={Scopus},
}

@ARTICLE{Cirelli20151071,
author={Cirelli, C., Tononi, G.},
title={Cortical development, electroencephalogram rhythms, and the sleep/wake cycle},
journal={Biological Psychiatry},
year={2015},
volume={77},
number={12},
pages={1071-1078},
doi={10.1016/j.biopsych.2014.12.017},
note={cited By 4},
url={http://www.scopus.com/inward/record.url?eid=2-s2.0-84929661808&partnerID=40&md5=06d4923f3be2f666ffd0a56de47eecf2},
document_type={Review},
source={Scopus},
}

@ARTICLE{Cirelli2015161,
author={Cirelli, C., Tononi, G.},
title={Sleep and synaptic homeostasis},
journal={Sleep},
year={2015},
volume={38},
number={1},
pages={161-162},
doi={10.5665/sleep.4348},
note={cited By 4},
url={http://www.scopus.com/inward/record.url?eid=2-s2.0-84920415439&partnerID=40&md5=8799f1b27f8b3634934ad67dcef32f73},
document_type={Letter},
source={Scopus},
}

@ARTICLE{Dentico2014237,
author={Dentico, D., Cheung, B.L., Chang, J.-Y., Guokas, J., Boly, M., Tononi, G., Van Veen, B.},
title={Reversal of cortical information flow during visual imagery as compared to visual perception},
journal={NeuroImage},
year={2014},
volume={100},
pages={237-243},
doi={10.1016/j.neuroimage.2014.05.081},
note={cited By 4},
url={http://www.scopus.com/inward/record.url?eid=2-s2.0-84903893038&partnerID=40&md5=6669fa9326c86d9db38dea211c3e121b},
document_type={Article},
source={Scopus},
}

@ARTICLE{Tononi201334,
author={Tononi, G., Cirelli, C.},
title={Perchance to prune},
journal={Scientific American},
year={2013},
volume={309},
number={2},
pages={34-39},
doi={10.1038/scientificamerican0813-34},
note={cited By 4},
url={http://www.scopus.com/inward/record.url?eid=2-s2.0-84883111631&partnerID=40&md5=ad82548c0aa44299c5819f2d7f002bae},
document_type={Article},
source={Scopus},
}

@ARTICLE{Moisello2013,
author={Moisello, C., Meziane, H.B., Kelly, S., Perfetti, B., Kvint, S., Voutsinas, N., Blanco, D., Quartarone, A., Tononi, G., Ghilardi, M.F.},
title={Neural Activations during Visual Sequence Learning Leave a Trace in Post-Training Spontaneous EEG},
journal={PLoS ONE},
year={2013},
volume={8},
number={6},
doi={10.1371/journal.pone.0065882},
art_number={e65882},
note={cited By 4},
url={http://www.scopus.com/inward/record.url?eid=2-s2.0-84879175129&partnerID=40&md5=fdf0945b858dcc2aac428244faa9a272},
document_type={Article},
source={Scopus},
}

@ARTICLE{Tononi201082,
author={Tononi, G., Riedner, B.A., Hulse, B.K., Ferrarelli, F., Sarasso, S.},
title={Enhancing sleep slow waves with natural stimuli},
journal={MedicaMundi},
year={2010},
volume={54},
number={2},
pages={82-88},
note={cited By 4},
url={http://www.scopus.com/inward/record.url?eid=2-s2.0-78049505134&partnerID=40&md5=d219c49514e32c7c6139e4911520571d},
document_type={Article},
source={Scopus},
}

@ARTICLE{Tononi200585,
author={Tononi, G., Cirelli, C.},
title={Sleep and synaptic homeostasis},
journal={Behavioral and Brain Sciences},
year={2005},
volume={28},
number={1},
pages={85},
doi={10.1017/S0140525X05430022},
note={cited By 4},
url={http://www.scopus.com/inward/record.url?eid=2-s2.0-21644485095&partnerID=40&md5=1e1e5df87e4004049bdf988d78f590b9},
document_type={Article},
source={Scopus},
}

@ARTICLE{Tononi1988125,
author={Tononi, G., Pompeiano, M., Pompeiano, O.},
title={Desynchronized sleep suppression after microinjection of the β-adrenergic agonist isoproterenol in the dorsal pontine tegmentum},
journal={Archives Italiennes de Biologie},
year={1988},
volume={126},
number={2},
pages={125-128},
note={cited By 4},
url={http://www.scopus.com/inward/record.url?eid=2-s2.0-0023885123&partnerID=40&md5=686cf0efdc4265af3899d9f6bb6aaa5a},
document_type={Article},
source={Scopus},
}

@ARTICLE{Moisello2015224,
author={Moisello, C., Blanco, D., Fontanesi, C., Lin, J., Biagioni, M., Kumar, P., Brys, M., Loggini, A., Marinelli, L., Abbruzzese, G., Quartarone, A., Tononi, G., Di Rocco, A., Ghilardi, M.F.},
title={TMS enhances retention of a motor skill in Parkinson's disease},
journal={Brain Stimulation},
year={2015},
volume={8},
number={2},
pages={224-230},
doi={10.1016/j.brs.2014.11.005},
note={cited By 3},
url={http://www.scopus.com/inward/record.url?eid=2-s2.0-84922923674&partnerID=40&md5=f999e850715fefc74318e74ecceaf3b4},
document_type={Article},
source={Scopus},
}

@ARTICLE{Bernardi20154487,
author={Bernardi, G., Siclari, F., Yu, I., Zennig, C., Bellesi, M., Ricciardi, E., Cirelli, C., Ghilardi, M.F., Pietrini, P., Tononi, G.},
title={Neural and behavioral correlates of extended training during sleep deprivation in humans: Evidence for local, task-specific effects},
journal={Journal of Neuroscience},
year={2015},
volume={35},
number={11},
pages={4487-4500},
doi={10.1523/JNEUROSCI.4567-14.2015},
note={cited By 3},
url={http://www.scopus.com/inward/record.url?eid=2-s2.0-84925071318&partnerID=40&md5=cd16026274a41831b94120748295b12c},
document_type={Article},
source={Scopus},
}

@ARTICLE{DeVivo2014689,
author={De Vivo, L., Faraguna, U., Nelson, A.B., Pfster-Genskow, M., Klapperich, M.E., Tononi, G., Cirelli, C.},
title={Developmental patterns of sleep slow wave activity and synaptic density in adolescent mice},
journal={Sleep},
year={2014},
volume={37},
number={4},
pages={689-700},
doi={10.5665/sleep.3570},
note={cited By 3},
url={http://www.scopus.com/inward/record.url?eid=2-s2.0-84897400125&partnerID=40&md5=a755fd13e94ca27f282ea6d76cc3d1a9},
document_type={Article},
source={Scopus},
}

@ARTICLE{Plante20131167,
author={Plante, D.T., Goldstein, M.R., Landsness, E.C., Riedner, B.A., Guokas, J.J., Wanger, T., Tononi, G., Benca, R.M.},
title={Altered overnight modulation of spontaneous waking EEG reflects altered sleep homeostasis in major depressive disorder: A high-density EEG investigation},
journal={Journal of Affective Disorders},
year={2013},
volume={150},
number={3},
pages={1167-1173},
doi={10.1016/j.jad.2013.05.084},
note={cited By 3},
url={http://www.scopus.com/inward/record.url?eid=2-s2.0-84888362108&partnerID=40&md5=955adf60f7be37957dcdcad232b4d923},
document_type={Article},
source={Scopus},
}

@ARTICLE{Bellesi2012,
author={Bellesi, M., Vyazovskiy, V.V., Tononi, G., Cirelli, C., Conti, F.},
title={Reduction of EEG theta power and changes in motor activity in rats treated with ceftriaxone},
journal={PLoS ONE},
year={2012},
volume={7},
number={3},
doi={10.1371/journal.pone.0034139},
art_number={e34139},
note={cited By 3},
url={http://www.scopus.com/inward/record.url?eid=2-s2.0-84859135614&partnerID=40&md5=12ea77adf7bb95c63603a1d4f5bec582},
document_type={Article},
source={Scopus},
}

@ARTICLE{Tononi2005575,
author={Tononi, G.},
title={Images in sleep medicine. Regional sleep regulation},
journal={Sleep Medicine},
year={2005},
volume={6},
number={6},
pages={575-576},
doi={10.1016/j.sleep.2005.06.012},
note={cited By 3},
url={http://www.scopus.com/inward/record.url?eid=2-s2.0-27944449616&partnerID=40&md5=3bae202c9747cd4b9099688ac754049d},
document_type={Article},
source={Scopus},
}

@CONFERENCE{Rucci1997443,
author={Rucci, M., Wray, J., Tononi, G., Edelman, G.M.},
title={Robotic system emulating the adaptive orienting behavior of the barn owl},
journal={Proceedings - IEEE International Conference on Robotics and Automation},
year={1997},
volume={1},
pages={443-448},
note={cited By 3},
url={http://www.scopus.com/inward/record.url?eid=2-s2.0-0030711330&partnerID=40&md5=972ebc2b8a45e07a9caf4cb6ccd62200},
document_type={Conference Paper},
source={Scopus},
}

@ARTICLE{Tononi1994127,
author={Tononi, G.},
title={Reentry and the problem of cortical integration},
journal={INT.REV.NEUROBIOL.},
year={1994},
volume={37},
pages={127-152},
note={cited By 3},
url={http://www.scopus.com/inward/record.url?eid=2-s2.0-0028312125&partnerID=40&md5=7ad00b0adec80d9cac4c280f2554b88b},
document_type={Review},
source={Scopus},
}

@ARTICLE{Tononi1988119,
author={Tononi, G., Pompeiano, M., Gianni, S., Pompeiano, O.},
title={Enhancement of desynchronized sleep signs after microinjection of the β-adrenergic antagonist propranolol in the dorsal pontine tegmentum},
journal={Archives Italiennes de Biologie},
year={1988},
volume={126},
number={2},
pages={119-123},
note={cited By 3},
url={http://www.scopus.com/inward/record.url?eid=2-s2.0-0023895711&partnerID=40&md5=580ad0c8e7e7d30ea6f72a9146a0d38b},
document_type={Article},
source={Scopus},
}

@ARTICLE{Bellesi2015,
author={Bellesi, M., de Vivo, L., Tononi, G., Cirelli, C.},
title={Effects of sleep and wake on astrocytes: Clues from molecular and ultrastructural studies},
journal={BMC Biology},
year={2015},
volume={13},
number={1},
doi={10.1186/s12915-015-0176-7},
art_number={66},
note={cited By 2},
url={http://www.scopus.com/inward/record.url?eid=2-s2.0-84939802792&partnerID=40&md5=55676c87c3fc751863ac0a7f424fecfa},
document_type={Article},
source={Scopus},
}

@ARTICLE{Boly2015,
author={Boly, M., Sasai, S., Gosseries, O., Oizumi, M., Casali, A., Massimini, M., Tononi, G.},
title={Stimulus set meaningfulness and neurophysiological differentiation: A functional magnetic resonance imaging study},
journal={PLoS ONE},
year={2015},
volume={10},
number={5},
doi={10.1371/journal.pone.0125337},
art_number={e0125337},
note={cited By 2},
url={http://www.scopus.com/inward/record.url?eid=2-s2.0-84929338311&partnerID=40&md5=6ddf9acdc2c395e17cdc45c43434119c},
document_type={Article},
source={Scopus},
}

@ARTICLE{Bushey20154785,
author={Bushey, D., Tononi, G., Cirelli, C.},
title={Sleep- and wake-dependent changes in neuronal activity and reactivity demonstrated in fly neurons using in vivo calcium imaging},
journal={Proceedings of the National Academy of Sciences of the United States of America},
year={2015},
volume={112},
number={15},
pages={4785-4790},
doi={10.1073/pnas.1419603112},
note={cited By 2},
url={http://www.scopus.com/inward/record.url?eid=2-s2.0-84928150292&partnerID=40&md5=3ac01af5b733acb0ef4887f903591995},
document_type={Article},
source={Scopus},
}

@ARTICLE{Nir20151362,
author={Nir, Y., Vyazovskiy, V.V., Cirelli, C., Banks, M.I., Tononi, G.},
title={Auditory responses and stimulus-specific adaptation in rat auditory cortex are preserved across NREM and REM sleep},
journal={Cerebral Cortex},
year={2015},
volume={25},
number={5},
pages={1362-1378},
doi={10.1093/cercor/bht328},
note={cited By 2},
url={http://www.scopus.com/inward/record.url?eid=2-s2.0-84928905832&partnerID=40&md5=2c4710a2e6f3f693f839fcdf38fb84c5},
document_type={Article},
source={Scopus},
}

@ARTICLE{Buchmann2014540,
author={Buchmann, A., Dentico, D., Peterson, M.J., Riedner, B.A., Sarasso, S., Massimini, M., Tononi, G., Ferrarelli, F.},
title={Reduced mediodorsal thalamic volume and prefrontal cortical spindle activity in schizophrenia},
journal={NeuroImage},
year={2014},
volume={102},
number={P2},
pages={540-547},
doi={10.1016/j.neuroimage.2014.08.017},
note={cited By 2},
url={http://www.scopus.com/inward/record.url?eid=2-s2.0-84906830424&partnerID=40&md5=214fa8a4a934a7a9cdf36d35db078adf},
document_type={Article},
source={Scopus},
}

@ARTICLE{Albantakis2014,
author={Albantakis, L., Hintze, A., Koch, C., Adami, C., Tononi, G.},
title={Evolution of Integrated Causal Structures in Animats Exposed to Environments of Increasing Complexity},
journal={PLoS Computational Biology},
year={2014},
volume={10},
number={12},
page_count={19},
doi={10.1371/journal.pcbi.1003966},
note={cited By 2},
url={http://www.scopus.com/inward/record.url?eid=2-s2.0-84919628618&partnerID=40&md5=ec08e216aa2a89aa6cf40d5983e36d15},
document_type={Article},
source={Scopus},
}

@ARTICLE{Vyazovskiy2009443,
author={Vyazovskiy, V.V., Tobler, I., Cirelli, C., Tononi, G.},
title={Author's reply to "Cerebral metabolism and sleep homeostasis: A comment on Vyazovskiy et al."},
journal={Brain Research Bulletin},
year={2009},
volume={80},
number={6},
pages={443-445},
doi={10.1016/j.brainresbull.2009.08.003},
note={cited By 2},
url={http://www.scopus.com/inward/record.url?eid=2-s2.0-70349971946&partnerID=40&md5=2873a2c2b231398a1b0a1b35cbf50544},
document_type={Letter},
source={Scopus},
}

@ARTICLE{Sporns2007117,
author={Sporns, O., Tononi, G.},
title={Structural determinants of functional brain dynamics},
journal={Understanding Complex Systems},
year={2007},
volume={2007},
pages={117-147},
doi={10.1007/978-3-540-71512-2_4},
note={cited By 2},
url={http://www.scopus.com/inward/record.url?eid=2-s2.0-34548142231&partnerID=40&md5=cb80e1a677af304f0b4f36b46d8c7766},
document_type={Review},
source={Scopus},
}

@ARTICLE{Tononi199067,
author={Tononi, G., Pompeiano, M., Ronca-Testoni, S.},
title={Noradrenergic receptor binding during sleep-waking states in the rat},
journal={Archives Italiennes de Biologie},
year={1990},
volume={128},
number={1},
pages={67-76},
note={cited By 2},
url={http://www.scopus.com/inward/record.url?eid=2-s2.0-0025339328&partnerID=40&md5=3f77f0e5a7e23fcdc029c1d3a506d34f},
document_type={Article},
source={Scopus},
}

@ARTICLE{Plante20151600,
author={Plante, D.T., Goldstein, M.R., Cook, J.D., Smith, R., Riedner, B.A., Rumble, M.E., Jelenchick, L., Roth, A., Tononi, G., Benca, R.M., Peterson, M.J.},
title={Effects of oral temazepam on sleep spindles during non-rapid eye movement sleep: A high-density EEG investigation},
journal={European Neuropsychopharmacology},
year={2015},
volume={25},
number={10},
pages={1600-1610},
doi={10.1016/j.euroneuro.2015.06.005},
note={cited By 1},
url={http://www.scopus.com/inward/record.url?eid=2-s2.0-84943364043&partnerID=40&md5=9cca5f74c970bb431e32a105d05a32a6},
document_type={Article},
source={Scopus},
}

@CONFERENCE{Nere2013472,
author={Nere, A., Hashmi, A., Lipasti, M., Tononi, G.},
title={Bridging the semantic gap: Emulating biological neuronal behaviors with simple digital neurons},
journal={Proceedings - International Symposium on High-Performance Computer Architecture},
year={2013},
pages={472-483},
doi={10.1109/HPCA.2013.6522342},
art_number={6522342},
note={cited By 1},
url={http://www.scopus.com/inward/record.url?eid=2-s2.0-84880302518&partnerID=40&md5=34d79db11516031d3f66bf69f7d526a3},
document_type={Conference Paper},
source={Scopus},
}

@BOOK{Nir2013133,
author={Nir, Y., Massimini, M., Boly, M., Tononi, G.},
title={Sleep and consciousness},
journal={Neuroimaging of Consciousness},
year={2013},
pages={133-182},
doi={10.1007/978-3-642-37580-4_9},
note={cited By 1},
url={http://www.scopus.com/inward/record.url?eid=2-s2.0-84919622833&partnerID=40&md5=83e7a057682ff439face54283a4ec930},
document_type={Book Chapter},
source={Scopus},
}

@BOOK{Tononi2013147,
author={Tononi, G.},
title={On the irreducibility of consciousness and its relevance to free will},
journal={Is Science Compatible with Free Will?: Exploring Free Will and Consciousness in the Light of Quantum Physics and Neuroscience},
year={2013},
pages={147-176},
doi={10.1007/978-1-4614-5212-6_11},
note={cited By 1},
url={http://www.scopus.com/inward/record.url?eid=2-s2.0-84885342537&partnerID=40&md5=88e5baf8b5ef3075a582e04d17bfc96c},
document_type={Book Chapter},
source={Scopus},
}

@ARTICLE{Siclari2012273,
author={Siclari, F., Bassetti, C., Tononi, G.},
title={Conscious experience in sleep and wakefulness},
journal={Schweizer Archiv fur Neurologie und Psychiatrie},
year={2012},
volume={163},
number={8},
pages={273-278},
note={cited By 1},
url={http://www.scopus.com/inward/record.url?eid=2-s2.0-84872778802&partnerID=40&md5=ded5c69fdebdcc913a78d557b6be32e7},
document_type={Review},
source={Scopus},
}

@ARTICLE{Koch201126,
author={Koch, C., Tononi, G.},
title={A test for consciousness},
journal={Scientific American},
year={2011},
volume={304},
number={6},
pages={26-29},
doi={10.1038/scientificamerican0611-26},
note={cited By 1},
url={http://www.scopus.com/inward/record.url?eid=2-s2.0-79958091356&partnerID=40&md5=f72fbbb18cb4d795a33acdc1253e53a0},
document_type={Article},
source={Scopus},
}

@BOOK{Tononi2010117,
author={Tononi, G.},
title={Consciousness: Philosophy},
journal={Encyclopedia of Neuroscience},
year={2010},
pages={117-123},
doi={10.1016/B978-008045046-9.00404-6},
note={cited By 1},
url={http://www.scopus.com/inward/record.url?eid=2-s2.0-84859754639&partnerID=40&md5=4cc2f1bd18a5c26a1e6c11b057581ed8},
document_type={Book Chapter},
source={Scopus},
}

@BOOK{Tononi2010403,
author={Tononi, G.},
title={An Integrated iNformation Theory of Consciousness},
journal={Encyclopedia of Consciousness},
year={2010},
pages={403-416},
doi={10.1016/B978-012373873-8.00014-1},
note={cited By 1},
url={http://www.scopus.com/inward/record.url?eid=2-s2.0-84882486383&partnerID=40&md5=9a03c5d05bc283d95ce59b490d920f76},
document_type={Book Chapter},
source={Scopus},
}

@ARTICLE{Pompeiano199077,
author={Pompeiano, M., Tononi, G., Galbani, P.},
title={Muscarinic receptor binding in forebrain and cerebellum during sleep-waking states in the rat},
journal={Archives Italiennes de Biologie},
year={1990},
volume={128},
number={1},
pages={77-79},
note={cited By 1},
url={http://www.scopus.com/inward/record.url?eid=2-s2.0-0025303514&partnerID=40&md5=c4ea902672cf20a26d9665410a53a181},
document_type={Article},
source={Scopus},
}

@ARTICLE{D'Ascanio1988291,
author={D'Ascanio, P., Pompeiano, O., Stampacchia, G., Tononi, G.},
title={Inhibition of vestibulospinal reflexes following cholinergic activation of the dorsal pontine reticular formation},
journal={Archives Italiennes de Biologie},
year={1988},
volume={126},
number={4},
pages={291-316},
note={cited By 1},
url={http://www.scopus.com/inward/record.url?eid=2-s2.0-0023790156&partnerID=40&md5=c8ed436728b46d13be75d5701b47e729},
document_type={Article},
source={Scopus},
}

@ARTICLE{Bernardi2016367,
author={Bernardi, G., Cecchetti, L., Siclari, F., Buchmann, A., Yu, X., Handjaras, G., Bellesi, M., Ricciardi, E., Kecskemeti, S.R., Riedner, B.A., Alexander, A.L., Benca, R.M., Ghilardi, M.F., Pietrini, P., Cirelli, C., Tononi, G.},
title={Sleep reverts changes in human gray and white matter caused by wake-dependent training},
journal={NeuroImage},
year={2016},
volume={129},
pages={367-377},
doi={10.1016/j.neuroimage.2016.01.020},
note={cited By 0},
url={http://www.scopus.com/inward/record.url?eid=2-s2.0-84957957746&partnerID=40&md5=be01528375f91ab62d75eb841b03b4eb},
document_type={Article},
source={Scopus},
}

@ARTICLE{Funk2016396,
author={Funk, C.M., Honjoh, S., Rodriguez, A.V., Cirelli, C., Tononi, G.},
title={Local slow waves in superficial layers of primary cortical areas during REM sleep},
journal={Current Biology},
year={2016},
volume={26},
number={3},
pages={396-403},
doi={10.1016/j.cub.2015.11.062},
note={cited By 0},
url={http://www.scopus.com/inward/record.url?eid=2-s2.0-84958744128&partnerID=40&md5=df778bf942ece9fb8a6c06af2aee6192},
document_type={Article},
source={Scopus},
}

@ARTICLE{Albantakis20155472,
author={Albantakis, L., Tononi, G.},
title={The intrinsic cause-effect power of discrete dynamical systems-from elementary cellular automata to adapting animats},
journal={Entropy},
year={2015},
volume={17},
number={8},
pages={5472-5502},
doi={10.3390/e17085472},
note={cited By 0},
url={http://www.scopus.com/inward/record.url?eid=2-s2.0-84940532606&partnerID=40&md5=84f7ad5f85e135c0366c206619679aa9},
document_type={Article},
source={Scopus},
}

@ARTICLE{Goldstein2015145,
author={Goldstein, M.R., Peterson, M.J., Sanguinetti, J.L., Tononi, G., Ferrarelli, F.},
title={Topographic deficits in alpha-range resting EEG activity and steady state visual evoked responses in schizophrenia},
journal={Schizophrenia Research},
year={2015},
volume={168},
number={1-2},
pages={145-152},
doi={10.1016/j.schres.2015.06.012},
art_number={6501},
note={cited By 0},
url={http://www.scopus.com/inward/record.url?eid=2-s2.0-84942364809&partnerID=40&md5=392dafcd1ad7338c071f6346740c156f},
document_type={Article},
source={Scopus},
}

@CONFERENCE{Abásolo2014706,
author={Abásolo, D., da Silva, R.M., Simons, S., Tononi, G., Cirelli, C., Vyazovskiy, V.V.},
title={Lempel-Ziv complexity analysis of local field potentials in different vigilance states with different coarse-graining techniques},
journal={IFMBE Proceedings},
year={2014},
volume={41},
pages={706-709},
doi={10.1007/978-3-319-00846-2_175},
note={cited By 0},
url={http://www.scopus.com/inward/record.url?eid=2-s2.0-84891335107&partnerID=40&md5=1b2943cfe30559b0a5fa9aaf3b07edd0},
document_type={Article},
source={Scopus},
}

@ARTICLE{Tononi20141457,
author={Tononi, G.},
title={Retrospective. Gerald M. Edelman (1929-2014).},
journal={Science (New York, N.Y.)},
year={2014},
volume={344},
number={6191},
pages={1457},
doi={10.1126/science.1257185},
note={cited By 0},
url={http://www.scopus.com/inward/record.url?eid=2-s2.0-84904103132&partnerID=40&md5=f71e78839cfe3fe79325cf2d45374344},
document_type={Article},
source={Scopus},
}

@CONFERENCE{Radha20141876,
author={Radha, M., Garcia-Molina, G., Poel, M., Tononi, G.},
title={Comparison of feature and classifier algorithms for online automatic sleep staging based on a single EEG signal},
journal={2014 36th Annual International Conference of the IEEE Engineering in Medicine and Biology Society, EMBC 2014},
year={2014},
pages={1876-1880},
doi={10.1109/EMBC.2014.6943976},
art_number={6943976},
note={cited By 0},
url={http://www.scopus.com/inward/record.url?eid=2-s2.0-84929501126&partnerID=40&md5=79b7fa932a955e78980e066722768a84},
document_type={Conference Paper},
source={Scopus},
}

@ARTICLE{Garcia-Molina2013333,
author={Garcia-Molina, G., Bellesi, M., Pastoor, S., Pfundtner, S., Riedner, B., Tononi, G.},
title={Online single EEG channel based automatic sleep staging},
journal={Lecture Notes in Computer Science (including subseries Lecture Notes in Artificial Intelligence and Lecture Notes in Bioinformatics)},
year={2013},
volume={8020 LNAI},
number={PART 2},
pages={333-342},
doi={10.1007/978-3-642-39354-9-36},
note={cited By 0},
url={http://www.scopus.com/inward/record.url?eid=2-s2.0-84880729879&partnerID=40&md5=d7dc2f95d596eb80ee3fb7cc2815e04b},
document_type={Conference Paper},
source={Scopus},
}

@ARTICLE{Koch2013,
author={Koch, C., Tononi, G.},
title={Can a photodiode be conscious?},
journal={New York Review of Books},
year={2013},
volume={60},
number={4},
note={cited By 0},
url={http://www.scopus.com/inward/record.url?eid=2-s2.0-84877137120&partnerID=40&md5=156de94472de024c101611df0e4215a6},
document_type={Letter},
source={Scopus},
}

@CONFERENCE{Joshi2012357,
author={Joshi, N.J., Tononi, G., Koch, C.},
title={The minimal complexity of adapting agents increases with fitness},
journal={Artificial Life 13: Proceedings of the 13th International Conference on the Simulation and Synthesis of Living Systems, ALIFE 2012},
year={2012},
pages={357-363},
note={cited By 0},
url={http://www.scopus.com/inward/record.url?eid=2-s2.0-84874707441&partnerID=40&md5=fc1fd53de1187e19450add4158078f51},
document_type={Conference Paper},
source={Scopus},
}

@ARTICLE{Vyazovskiy2012237,
author={Vyazovskiy, V.V., Olcese, U., Tononi, G.},
title={Investigating sleep homeostasis with extracellular recording of multiunit activity from the neocortex in freely behaving rats},
journal={Neuromethods},
year={2012},
volume={67},
pages={237-258},
doi={10.1007/7657_2011_22},
note={cited By 0},
url={http://www.scopus.com/inward/record.url?eid=2-s2.0-84859771989&partnerID=40&md5=e05e29a1de0aa2d2200dbc23c1eae3ec},
document_type={Article},
source={Scopus},
}

@BOOK{Tononi2012,
author={Tononi, G.},
title={Consciousness differentiated and integrated},
journal={The Unity of Consciousness: Binding, Integration, and Dissociation},
year={2012},
doi={10.1093/acprof:oso/9780198508571.003.0013},
note={cited By 0},
url={http://www.scopus.com/inward/record.url?eid=2-s2.0-84921059080&partnerID=40&md5=eb871259be6d545a100ede50b4671808},
document_type={Book Chapter},
source={Scopus},
}

@BOOK{Cirelli2010903,
author={Cirelli, C., Tononi, G.},
title={Sleep and sleep states: Gene expression},
journal={Encyclopedia of Neuroscience},
year={2010},
pages={903-909},
doi={10.1016/B978-008045046-9.00059-0},
note={cited By 0},
url={http://www.scopus.com/inward/record.url?eid=2-s2.0-84882829541&partnerID=40&md5=4e3e3c2d429b388850f472989183b67c},
document_type={Book Chapter},
source={Scopus},
}

@BOOK{Koch2010125,
author={Koch, C., Tononi, G.},
title={Consciousness: Theoretical and Computational Neuroscience},
journal={Encyclopedia of Neuroscience},
year={2010},
pages={125-130},
doi={10.1016/B978-008045046-9.00407-1},
note={cited By 0},
url={http://www.scopus.com/inward/record.url?eid=2-s2.0-84882868212&partnerID=40&md5=eeeae0d5164929dfbee6ad7e45cf053e},
document_type={Book Chapter},
source={Scopus},
}

@BOOK{Cirelli2010967,
author={Cirelli, C., Tononi, G.},
title={Sleep and Waking in Drosophila},
journal={Encyclopedia of Neuroscience},
year={2010},
pages={967-973},
doi={10.1016/B978-008045046-9.01616-8},
note={cited By 0},
url={http://www.scopus.com/inward/record.url?eid=2-s2.0-84882902867&partnerID=40&md5=da25b5b133b43d365c8bbe9f628811f0},
document_type={Book Chapter},
source={Scopus},
}

@ARTICLE{Cheung200961,
author={Cheung, B.L., Riedner, B., Tononi, G., Van Veen, B.D.},
title={State-space multivariate autoregressive models for estimation of cortical connectivity from EEG.},
journal={Conference proceedings : ... Annual International Conference of the IEEE Engineering in Medicine and Biology Society. IEEE Engineering in Medicine and Biology Society. Conference},
year={2009},
pages={61-64},
note={cited By 0},
url={http://www.scopus.com/inward/record.url?eid=2-s2.0-84903867049&partnerID=40&md5=57ab8548466a385f2440ce1e0fd21648},
document_type={Article},
source={Scopus},
}

@BOOK{Cirelli2009123,
author={Cirelli, C., Tononi, G.},
title={Sleep and synaptic homeostasis},
journal={Current Advances in Sleep Biology},
year={2009},
pages={123-139},
note={cited By 0},
url={http://www.scopus.com/inward/record.url?eid=2-s2.0-84891994459&partnerID=40&md5=4cb6011cbe1a4df067d4bd6c4ccbbefb},
document_type={Book Chapter},
source={Scopus},
}

@ARTICLE{Tononi2008253,
author={Tononi, G., Massimini, M.},
title={Sleep, consciousness and the brain: A perturbational approach},
journal={Understanding Complex Systems},
year={2008},
volume={2008},
pages={253-258},
doi={10.1007/978-3-540-74479-5_12},
note={cited By 0},
url={http://www.scopus.com/inward/record.url?eid=2-s2.0-39049128845&partnerID=40&md5=72844a30bd954143650e30663a330a65},
document_type={Article},
source={Scopus},
}

@CONFERENCE{Tononi200717,
author={Tononi, G., Balduzzi, D.},
title={Measuring consciousness as integrated information},
journal={AAAI Fall Symposium - Technical Report},
year={2007},
volume={FS-07-01},
pages={17},
note={cited By 0},
url={http://www.scopus.com/inward/record.url?eid=2-s2.0-51849119175&partnerID=40&md5=5d1c983aff0e459648f4858a2fc0a303},
document_type={Conference Paper},
source={Scopus},
}

@BOOK{Cirelli2006219,
author={Cirelli, C., Tononi, G.},
title={Sleep and synaptic homeostasis},
journal={The Genetic Basis of Sleep and Sleep Disorders},
year={2006},
pages={219-226},
doi={10.1017/CBO9781139649469.023},
note={cited By 0},
url={http://www.scopus.com/inward/record.url?eid=2-s2.0-84923397040&partnerID=40&md5=3655fef606326aa1809ff96ad9247a9a},
document_type={Book Chapter},
source={Scopus},
}

@ARTICLE{Sherritze2003799,
author={Sherritze, S., Griffin, S., Lemere, C., Sigurdsson, E., Hara, H., Morgan, T., Kuhar, M., King, S., Smith, R., Alkadhi, K., Buccafusco, J., Tononi, G., Urade, Y.},
title={33rd Annual Meeting of the Society for Neuroscience},
journal={P and T},
year={2003},
volume={28},
number={12},
pages={799-801},
note={cited By 0},
url={http://www.scopus.com/inward/record.url?eid=2-s2.0-10744229756&partnerID=40&md5=6cc021b2dc84e483eb8d1e836f38c33d},
document_type={Conference Paper},
source={Scopus},
}

@ARTICLE{Tononi19986570,
author={Tononi, G., Srinivasan, R., Russell, D.P., Edelman, G.M.},
title={Erratum: Investigating neural correlates of conscious perception by frequency-tagged neuromagnetic responses (Proceedings of the National Academy of Sciences of the United States of America (March 17, 1998) 95 (3198-3203))},
journal={Proceedings of the National Academy of Sciences of the United States of America},
year={1998},
volume={95},
number={11},
pages={6570},
note={cited By 0},
url={http://www.scopus.com/inward/record.url?eid=2-s2.0-0032568522&partnerID=40&md5=77bbb99d5abc226bd4672fea9bce1f11},
document_type={Erratum},
source={Scopus},
}
