@ARTICLE{flett_interaction_1999,
	author = {Flett, G L and Endler, N S and Fairlie, P},
	title = {The interaction model of anxiety and the threat of Quebec's separation from Canada},
	journal = {Journal of personality and social psychology},
	year = {1999},
	volume = {76},
	pages = {143--150},
	number = {1},
	month = jan,
}