% !TeX encoding = windows-1251
%%%%%%%%%%%%%%%%%%%%%%%%%%%%%%%%%%%%%%%%%%%%%%%%%%%%%%%%%%%%%%%%%%%%%%%%%%%%%%
%%%%%%%%%%%%%%%%%%%%%%%%%%%%%%%%%%%%%%%%%%%%%%%%%%%%%%%%%%%%%%%%%%%%%%%%%%%%%%

@ARTICLE{Grossberg1983,
	author = "Cohen, M. A. and Grossberg, S.",
	title = "Absolute stability of global pattern formation and parallel memory storage by competitive neural networks",
	journal = "IEEE Transactions on Systems, Man and Cybernetics",
	year = "1983",
	number = "5",
	volume = "13",
	pages = "815--826"
}

@ARTICLE{Grossberg1987,
	author = "Carpenter, G. A. and Grossberg, S.",
	title = "A massively parallel architecture for a self-organizing neural pattern recognition machine",
	journal = "Computer Vision, Graphics and Image Processing",
	year = "1987",
	number = "1",
	volume = "31",
	pages = "54--115"
}

@ARTICLE{Grossberg1992,
	author = "Carpenter, Gail A. and Grossberg, Stephen and Markuzon, Natalya and Reynolds, John H. and Rosen, David B.",
	title = "Fuzzy ARTMAP: A neural network architecture for incremental supervised learning of analog multidimensional maps",
	journal = "IEEE Transactions on Neural Networks",
	year = "1992",
	number = "5",
	volume = "3",
	pages = "698--713"
}