@BOOK{Buch2010,
	author = "Буч, Г. and Максимчук, Р. А. and Энгл, М. У. and Янг, Б. Дж. and Коналлен, Дж. and Хьюстон, К. А.",
	title = "Объектно-ориентированный анализ и проектирование с примерами приложений",
	address = "М.",
	edition = "3-е",
	publisher = "Вильямс",
	year = "2010",
	pages = "720",
	language = "russian"
}

@BOOK{Straustrup2008,
	author = "Страуструп, Б.",
	title = "Язык программирования С++",
	address = "М.",
	edition = "3-е",
	publisher = "Бином",
	year = "2008",
	pages = "1104",
	language = "russian"
}

@BOOK{Ekkel2014,
	author = "Эккель, Б.",
	title = "Философия Java",
	address = "М.",
	edition = "4-е",
	publisher = "Питер",
	year = "2014",
	pages = "640",
	language = "russian"
}

@BOOK{Lutc2014,
	author = "Лутц, М.",
	title = "Изучаем Python",
	address = "СПб.",
	edition = "4-е",
	publisher = "Символ-плюс",
	year = "2011",
	pages = "1280",
	language = "russian"
}