%%%%%%%%%%%%%%%%%%%%%%%%%%%%%%%%%%%%%%%%%%%%%%%%%%%%%%%%%%%%%%%%%%%%%%%%%%%%%%
%%%%%%%%%%%%%%%%%%%%%%%%%%%%%%%%%%%%%%%%%%%%%%%%%%%%%%%%%%%%%%%%%%%%%%%%%%%%%%
@BIBSECTION{panovA,
	title = "Мои статьи"
}
%%%%%%%%%%%%%%%%%%%%%%%%%%%%%%%%%%%%%%%%%%%%%%%%%%%%%%%%%%%%%%%%%%%%%%%%%%%%%%
%%%%%%%%%%%%%%%%%%%%%%%%%%%%%%%%%%%%%%%%%%%%%%%%%%%%%%%%%%%%%%%%%%%%%%%%%%%%%%

@INPROCEEDINGS{PanovA2010a,
	author = "Панов, А. И.",
	title = "Методика интеллектуального анализа данных психологического тестирования",
	booktitle = "Труды I Всероссийской научной конференции молодых учёных",
	address = "Рыбинск",
	publisher = "РГАТА им. Соловьева",
	volume = "1",
	year = "2010",
	pages = "39--45",
	language = "russian"
}

@INBOOK{PanovA2010b,
	author = "Панов, А. И.",
	title = "Применение методов искусственного интеллекта в обработке психологических данных",
	editor = "Барабанщиков, В. А.",
	booktitle = "Экспериментальная психология в России: традиции и перспективы",
	pages = "153--159",
	address = "М.",	
	publisher = "Институт психологии РАН",
	year = "2010",
	language = "russian"
}

@INPROCEEDINGS{PanovA2011,
	author = "Кузнецова, Ю. М. and Осипов, Г. С. and Панов, А.И. and Петров, А. В. and Чудова, Н. В.",
	title = "Моделирование поведения, управляемого сознанием",
	booktitle = "Системный анализ и информационные технологии: тр. Четвертой Междунар. конф. (Абзаково, Россия, 17--23 авг. 2011 г.): в 2т.",
	volume = "1",
	address = "Челябинск",
	publisher = "Изд-во Челяб. Гос. ун--та",
	year = "2011",
	pages = "6--13",
	language = "russian"
}

@INPROCEEDINGS{PanovA2012a,
	author = "Панов, А. И.",
	title = "Моделирование процесса принятия решения агентом со знаковой картиной мира",
	booktitle = "Теория и практика системного анализа: Труды II Всероссийской научной конференции молодых учёных с международным участием",
	volume = "1",
	address = "Рыбинск",
	publisher = "РГАТУ имени П.А. Соловьёва",
	year = "2012",
	pages = "126--137",
	language = "russian"
}

@INPROCEEDINGS{PanovA2012b,
	author = "Панов, А. И.",
	title = "Семейства отношений в знаковой картине мира",
	booktitle = "Тринадцатая национальная конференция по искусственному интеллекту с международным участием КИИ--2012 (16--20 октября 2012г., г. Белгород, Россия): Труды конференции",
	address = "Белгород",
	publisher = "Издательство БГТУ",
	year = "2012",
	pages = "301--309",
	language = "russian"
}

@ARTICLE{PanovA2012c,
	author = "Петров, А. В. and Панов, А. И.",
	title = "Моделирование поведения автономного мобильного робота",
	journal = "Вестник Рыбинского государственного авиационного технического университета имени П.А. Соловьева",
	year = "2012",
	number = "2",
	pages = "179--185",
	language = "russian"
}

@ARTICLE{PanovA2013a,
	author = "Панов, А. И.",
	title = "Выявление причинно-следственных связей в данных психологического тестирования логическими методами",
	journal = "Искусственный интеллект и принятие решений",
	year = "2013",
	number = "1",
	pages = "24--32",
	language = "russian"
}
@ARTICLE{PanovA2013b,
	author = "Зубарев, Д. В. and Макаров, Д. А. and Панов, А. И. and Яковлев, К. С.",
	title = "Принципы построения многоуровневых архитектур систем управления беспилотными летательными аппаратами",
	journal = "Авиакосмическое приборостроение",
	year = "2013",
	number = "4",
	pages = "10--28",
	language = "russian"
}

@ARTICLE{PanovA2014a,
	author = "Осипов, Г. С. and Панов, А. И. and Чудова, Н. В.",
	title = "Управление поведением как функция сознания. {I}. {К}артина мира и целеполагание",
	journal = "Известия РАН. Теория и системы управления",
	year = "2014",
	number = "4",
	pages = "83--96",
	language = "russian"
}

@INPROCEEDINGS{PanovA2014b,
	author = "Панов, А. И. and Швец, А. В.",
	title = "Эволюционный метод покрытий для составления базы фактов {ДСМ}--метода",
	booktitle = "Четырнадцатая национальная конференция по искусственному интеллекту с международным участием КИИ--2014 (24--27 сентября 2014г., г. Казань, Россия): Труды конференции",
	address = "Казань",
	publisher = "Издательство КФУ",
	year = 2014,
	pages = "323--330",
	volume = "2",
	language = "russian"
}

@ARTICLE{PanovA2014c,
	author = "Панов, А. И.",
	title = "Алгебраические свойства операторов распознавания в моделях зрительного восприятия",
	journal = "Машинное обучение и анализ данных",
	year = "2014",
	number = "7",
	pages = "863--874",
	language = "russian"
}

@INPROCEEDINGS {PanovA2015a,
	author    = "Lupatov, A. Yu. and Panov, A. I. and Suvorov, R. E. and Shvets, A. V. and Yarygin, K. N. and Volkova, G. D.",
	title    = "Assessment of Dendritic Cell Therapy Effectiveness Based on the Feature Extraction from Scientific Publications",
	booktitle = "Proceedings of the International Conference on Pattern Recognition Applications and Methods",
	editor    = "Marsico, M. De and Figueiredo, M. and Fred, A.",	
	volume    = "2",	
	address = "Lisbon, Portugal",
	publisher = "SCITEPRESS",
	year      = "2015",
	pages    = "270--276"
}

@ARTICLE{PanovA2015b,
	author = "Панов, А. И. and Швец, А. В. and Волкова, Г. Д.",
	title = "Метод извлечения причинно-следственных связей с использованием оптимизированных баз фактов",
	journal = "Искусственный интеллект и принятие решений",
	year = "2015",
	number = "1",
	pages = "95--102",
	language = "russian"
}
%%%%%%%%%%%%%%%%%%%%%%%%%%%%%%%%%%%%%%%%%%%%%%%%%%%%%%%%%%%%%%%%%%%%%%%%%%%%%%
%%%%%%%%%%%%%%%%%%%%%%%%%%%%%%%%%%%%%%%%%%%%%%%%%%%%%%%%%%%%%%%%%%%%%%%%%%%%%%
@BIBSECTION{panovAT,
	title = "Мои переводные статьи"
}
%%%%%%%%%%%%%%%%%%%%%%%%%%%%%%%%%%%%%%%%%%%%%%%%%%%%%%%%%%%%%%%%%%%%%%%%%%%%%%
%%%%%%%%%%%%%%%%%%%%%%%%%%%%%%%%%%%%%%%%%%%%%%%%%%%%%%%%%%%%%%%%%%%%%%%%%%%%%%

@ARTICLE{PanovAE2014a,
	author = "Osipov, G. S. and Panov, A. I. and Chudova, N. V.",
	title = "Behavior Control as a Function of Consciousness. {I}. {W}orld model and Goal Setting",
	journal = "Journal of Computer and Systems Sciences International",
	year = "2014",
	volume = "53",
	number = "4",
	pages = "517--529",
	language = "english"
}

@ARTICLE{PanovAE2014b,
	author = "Panov, A. I.",
	title = "Extraction of Cause–Effect Relationships from Psychological Test Data Using Logical Methods",
	journal = "Scientific and Technical Information Processing",
	year = "2014",
	volume = "41",
	number = "5",
	pages = "275--282",
	language = "english"
}


%%%%%%%%%%%%%%%%%%%%%%%%%%%%%%%%%%%%%%%%%%%%%%%%%%%%%%%%%%%%%%%%%%%%%%%%%%%%%%
%%%%%%%%%%%%%%%%%%%%%%%%%%%%%%%%%%%%%%%%%%%%%%%%%%%%%%%%%%%%%%%%%%%%%%%%%%%%%%
@BIBSECTION{panovT,
	title = "Thesises"
}
%%%%%%%%%%%%%%%%%%%%%%%%%%%%%%%%%%%%%%%%%%%%%%%%%%%%%%%%%%%%%%%%%%%%%%%%%%%%%%
%%%%%%%%%%%%%%%%%%%%%%%%%%%%%%%%%%%%%%%%%%%%%%%%%%%%%%%%%%%%%%%%%%%%%%%%%%%%%%

@INPROCEEDINGS{PanovT2009,
	author = "Панов, А. И.",
	title = "Разработка программных средств семантической интеграции баз данных",
	booktitle = "Материалы XLVII Международной научной студенческой конференции <<Студент и научно-технический прогресс>>: Физика",
	address = "Новосибирск",
	publisher = "Новосиб. гос. ун-т",
	year = "2009",
	pages = "205",
	language = "russian"
}

@INPROCEEDINGS{PanovT2010a,
	author = "Панов, А. И.",
	title = "Особенности комплексного подхода к выявлению каузальных закономерностей при интеллектуальном анализе данных",
	booktitle = "Труды XLV Всероссийской конференции по проблемам математики, информатики, физики и химии. Секция <<Программные системы>>",
	address = "М.",
	publisher = "РУДН",
	year = "2010",
	pages = "97",
	language = "russian"
}

@INPROCEEDINGS{PanovT2010b,
	author = "Панов, А. И. and Чудова, Н. В.",
	title = "Моделирование процесса образования естественных понятий методами искусственного интеллекта",
	booktitle = "Четвертая международная конференция по когнитивной науке: Тезисы докладов: В 2 т. Томск, 22-26 июня 2010 г.",
	address = "Томск",
	publisher = "Томский государственный университет",
	volume = "2",
	year = "2010",
	pages = "455",
	language = "russian"
}

@INPROCEEDINGS{PanovT2010c,
	author = "Кан, Л. В. and Косоусова, К. И. and Кузнецова, Ю. М. and Петров, А. В. and Панов, А.И. and and Чудова, Н. В.",
	title = "Когнитивное моделирование в обеспечении деятельности практического психолога",
	booktitle = "<<Психология образования: социокультурный ресурс Национальной образовательной инициативы <<Наша новая школа>>>> (Москва, 14-16 декабря 2010 г.): Материалы VI Всероссийской научно-практической конференции",
	address = "М.",
	publisher = "Общероссийская общественная организация <<Федерация психологов образования России>>",
	year = "2010",
	pages = "107--109",
	language = "russian"
}

@INPROCEEDINGS{PanovT2012a,
	author = "Кузнецова, Ю. М. and Панов, А.И. and Петров, А. В. and Чудова, Н. В.",
	title = "Элементы знакового опосредования в интеллектуальном агенте",
	booktitle = "V съезд Общероссийской общественной организации <<Российское психологическое общество>>. Материалы участников съезда",
	volume = "1",
	address = "М.",
	publisher = "Российское психологическое общество",
	year = "2012",
	pages = "490--491",
	language = "russian"
}

@INPROCEEDINGS{PanovT2012b,
	author = "Панов, А. И. and Петров, А. В.",
	title = "Моделирование потребностей и мотивов интеллектуального агента со знаковой картиной мира",
	booktitle = "Пятая международная конференция по когнитивной науке: Тезисы докладов: Калининград, 18-24 июня 2012 г.",
	address = "Калининград",
	publisher = "Межрегиональная ассоциация когнитивных исследований (МАКИ)",
	year = "2012",
	pages = "813--815",
	language = "russian"
}

@Article{PanovT2013,
	author = "Петров, А. В. and Панов, А. И. and Березовский, Р. Г.",
	title = "Когнитивные архитектуры и проекты систем управления автономных мобильных роботов",
	journal = "Вестник Рыбинского государственного авиационного технического университета имени П.А. Соловьева",
	year = "2013",
	number = "1",
	pages = "111--113",
	language = "russian"
}

@INPROCEEDINGS{PanovT2014a,
	author = "Панов, А. И. and Петров, А. В.",
	title = "Аналитическое и целостное представление образов интеллектуальным агентом со знаковой картиной мира",
	booktitle = "Шестая международная конференция по когнитивной науке: Тезисы докладов: Калининград, 23-27 июня 2014 г.",
	address = "Калининград",
	publisher = "Межрегиональная ассоциация когнитивных исследований (МАКИ)",
	year = "2014",
	pages = "466--468",
	language = "russian"
}

@INPROCEEDINGS{PanovT2014b,
	author = "Osipov, G. and Panov, A. and Chudova, N.",
	title = "Semiotic foundations of consciousness functions",
	booktitle = "Book of Abstracts. The First Conference of the International Association for Cognitive Semiotics (IACS-2014). September 25-27, 2014",
	address = "Lund",
	publisher = "Lund University",
	year = "2014",
	pages = "211",
	language = "english"
}

@INPROCEEDINGS{PanovT2014c,
	author = "Панов, А. И.",
	title = "Алгебраические свойства операторов распознавания в моделях зрительного восприятия динамических сцен",
	booktitle = "Интеллектуализация обработки информации: 10-я международная конференция. Греция, о.~Крит, 4--11 октября 2014~г.: Тезисы докладов",
	address = "М.",
	publisher = "Торус Пресс",
	year = "2014",
	pages = "132--133",
	language = "russian"
}
%%%%%%%%%%%%%%%%%%%%%%%%%%%%%%%%%%%%%%%%%%%%%%%%%%%%%%%%%%%%%%%%%%%%%%%%%%%%%%
%%%%%%%%%%%%%%%%%%%%%%%%%%%%%%%%%%%%%%%%%%%%%%%%%%%%%%%%%%%%%%%%%%%%%%%%%%%%%%
@BIBSECTION{osipov,
	title = "Работы Осипова"
}
%%%%%%%%%%%%%%%%%%%%%%%%%%%%%%%%%%%%%%%%%%%%%%%%%%%%%%%%%%%%%%%%%%%%%%%%%%%%%%
%%%%%%%%%%%%%%%%%%%%%%%%%%%%%%%%%%%%%%%%%%%%%%%%%%%%%%%%%%%%%%%%%%%%%%%%%%%%%%

@ARTICLE{Osipov1990,
	author = "Осипов, Г. С.",
	title = "Построение моделей предметных областей. {Ч. I.} {Н}еоднородные семантические сети",
	journal = "Известия АН СССР. Техническая кибернетика",
	year = "1990",
	number = "5",
	pages = "32--45",
	language = "russian"
}

@ARTICLE{OsipovT1990,
	author = "Osipov, G. S.",
	title = "Formulation of Subject Domain Models. {Part I}. {H}eterogeneous Semantic Nets",
	journal = "Journal of Computer and Systems Sciences International",
	year = "1990",
	number = "5",
	volume = "30",
	pages = "1--12",
	language = "english"
}

@INPROCEEDINGS{Osipov1995,
	author = "Osipov, G. S.",
	title = "Semiotic Modeling: An Overview",
	booktitle = "Proceedings of Workshop on Russian Situation Control and Cybernetic/Semiotic Modeling",
	address = "Columbus, USA",
	publisher = "Battelle",
	year = "1995",
	pages = "51--72",
	language = "english"	
}

@BOOK{Osipov1997,
	author = "Осипов, Г. С.",
	title = "Приобретение знаний интеллектуальными системами: основы теории и технологии",
	address = "М.",
	publisher = "Физматлит",
	year = "1997",
	language = "russian"
}

@ARTICLE{Osipov1999,
	author = "Осипов, Г. С. and Поспелов, Д. А.",
	title = "Прикладная семиотика",
	journal = "Новости искусственного интеллекта",
	year = "1999",
	number = "1",
	pages = "9--35",
	language = "russian"
}

@ARTICLE{Osipov2000,
	author = "Осипов, Г. С. and Лебедева, Т. Г.",
	title = "Архитектура и управляемость дискретных динамических систем, основанных на знаниях",
	journal = "Известия РАН. Теория и системы управления",
	year = "2000",
	number = "5",
	pages = "703--709",
	language = "russian"
}

@INPROCEEDINGS{Osipov2000b,
	author = "Osipov, G. S.",
	title = "Origines of Applied Semiotics",
	booktitle = "Proceedings of the Workshop ``Applied Semiotics: Control Problems (ASC 2000)''. 14th European Conference of Artificial Intelligence (ECAI2000)",
	address = "Berlin",
	publisher = "IOS Press",
	year = "2000",
	pages = "1--4",
	language = "english"	
}

@ARTICLE{Osipov2002a,
	author = "Осипов, Г. С.",
	title = "От ситуационного управления к прикладной семиотике",
	journal = "Новости искусственного интеллекта",
	year = "2002",
	number = "6",
	pages = "3--7",
	language = "russian"
}

@ARTICLE{Osipov2002b,
	author = "Поспелов, Д. А. and Осипов, Г. С.",
	title = "Введение в прикладную семиотику. {Г}лава 5. {О}перации в семиотических базах знаний",
	journal = "Новости искусственного интеллекта",
	year = "2002",
	number = "6",
	pages = "28--35",
	language = "russian"
}

@ARTICLE{Osipov2002c,
	author = "Осипов, Г. С. and Виноградов, А. Н. and Жилякова, Л. Ю.",
	title = "Динамические интеллектуальные системы. {Ч. I}. {П}редставление знаний и основные алгоритмы",
	journal = "Известия АН. Теория и системы управления",
	year = "2002",
	number = "6",
	pages = "119--127",
	language = "russian"
}

@ARTICLE{Osipov2003a,
	author = "Осипов, Г. С. and Виноградов, А. Н. and Жилякова, Л. Ю.",
	title = "Динамические интеллектуальные системы. {Ч. II}. {М}оделирование целенаправленного поведения",
	journal = "Известия АН. Теория и системы управления",
	year = "2003",
	number = "1",
	pages = "87--94",
	language = "russian"
}

@INPROCEEDINGS{Osipov2003b,
	author = "Osipov, G. S.",
	title = "Dynamics in Semiotics",
	booktitle = "Proceedings of International Conference on Integration of Knowledge Intensive Multi-agent Systems",
	address = "Cambridge",
	publisher = "IEEE",
	year = "2003",
	pages = "653--658",
	language = "english"	
}

@incollection{Osipov2004,
	author = "Osipov, G.",
	title = "Goal--Orientation for Systems with Proper Behaviour",
	editor = "Stefanuk, V. and Kaijiri, K.",
	booktitle = "Knowledge-Based Software Engineering",
	publisher = "IOS Press",
	year = "2004",
	pages = "189--196",
	language = "english"	
}

@ARTICLE{Osipov2008a,
	author = "Osipov, G. S.",
	title = "Limit behaviour of dynamic rule-based systems",
	journal = "International Journal Information theories and applications",
	year = "2008",
	volume = "15",
	number = "2",
	pages = "115--120",
	language = "english"
}

@ARTICLE{Osipov2008b,
	author = "Осипов, Г. С.",
	title = "Динамические интеллектуальные системы",
	journal = "Искусственный интеллект и принятие решений",
	year = "2008",
	number = "1",
	pages = "47--54",
	language = "russian"
}

@ARTICLE{Osipov2009,
	author = "Осипов, Г. С. and Тихомиров, И. А. and Хачумов, В. М. and Яковлев, К. С.",
	title = "Интеллектуальные системы управления автономными транспортными средствами: стандарты, проекты, реализация",
	journal = "Авиакосмическое приборостроение",
	year = "2009",
	number = "6",
	pages = "34--43",
	language = "russian"
}

@ARTICLE{Osipov2010,
	author = "Osipov, G. S.",
	title = "Intelligent dynamic systems",
	journal = "Scientific and Technical Information Processing",
	year = "2010",
	volume = "37",
	number = "5",
	pages = "259--264",
	language = "english"
}

@BOOK{Osipov2011,
	author = "Осипов, Г. С.",
	title = "Методы искусственного интеллекта",
	address = "М.",
	publisher = "Наука",	
	year = "2011",
	language = "russian"
}

@INPROCEEDINGS{OsipovT2012,
	author = "Осипов, Г. С.",
	title = "Поведение, управляемое картиной мира",
	booktitle = "Пятая международная конференция по когнитивной науке: Тезисы докладов: Калининград, 18-24 июня 2012 г.",
	address = "Калининград",
	publisher = "Межрегиональная ассоциация когнитивных исследований (МАКИ)",
	year = "2012",
	pages = "812--813",
	language = "russian"
}


@book{Nilson1985,
	author = {Нильсон, Н.},
	title = {Принципы искусственного интеллекта},
	year = {1985},
	language = {russian},
	publisher = {Радио и связь},
	pages = {376},
	address = {М.}
}


@article{Fikes1971,
	author = "Fikes, R. E. and Nilsson, N. J.",
	title = "{STRIPS}: a new approach to application of theorem prov- ing to problem solving",
	journal = "Artificial Intelligence",
	year = "1971",
	number = "2",
	pages = "189--208"
}

%%%%%%%%%%%%%%%%%%%%%%%%%%%%%%%%%%%%%%%%%%%%%%%%%%%%%%%%%%%%%%%%%%%%%%%%%%%%%%
%%%%%%%%%%%%%%%%%%%%%%%%%%%%%%%%%%%%%%%%%%%%%%%%%%%%%%%%%%%%%%%%%%%%%%%%%%%%%%
@BIBSECTION{semiotics,
	title = "Семиотика"
}
%%%%%%%%%%%%%%%%%%%%%%%%%%%%%%%%%%%%%%%%%%%%%%%%%%%%%%%%%%%%%%%%%%%%%%%%%%%%%%
%%%%%%%%%%%%%%%%%%%%%%%%%%%%%%%%%%%%%%%%%%%%%%%%%%%%%%%%%%%%%%%%%%%%%%%%%%%%%%

@ARTICLE{Pospelov1976,
	author = "Поспелов, Д. А.",
	title = "Семиотические модели: успехи и перспективы",
	journal = "Кибернетика",
	year = "1976",
	number = "6",
	pages = "114--123",
	language = "russian"
}

@ARTICLE{Pospelov1996,
	author = "Поспелов, Д. А.",
	title = "Прикладная семиотика и искусственный интеллект",
	journal = "Программные продукты и системы",
	year = "1996",
	number = "3",
	pages = "10--13",
	language = "russian"
}

@ARTICLE{Ehrlich1997,
	author = "Эрлих, А. И.",
	title = "Прикладная семиотика и управление сложными объектами",
	journal = "Программные продукты и системы",
	year = "1997",
	number = "3",
	language = "russian"
}

@BOOK{Dulin2005,
	author = "Дулин, С. К.",
	title = "Введение в теорию структурной согласованности",
	publisher = "Вычислительный центр им. А.А. Дородницына РАН",
	address = "М.",
	year = "2005",
	pages = "136",
	language = "russian"
}

@BOOK{Pirs2000,
	author = "Пирс, Ч. С.",
	title = "Начала прагматизма. Т.~2. Логические основания теории знаков",
	publisher = "Алетейя",
	address = "СПб.",
	year = "2000",
	language = "russian"
}

@BOOK{Frege2000,
	author = "Фреге, Г.",
	title = "Логика и логическая семантика",
	publisher = "Аспект Пресс",
	address = "М.",
	year = "2000",
	language = "russian"
}

%%%%%%%%%%%%%%%%%%%%%%%%%%%%%%%%%%%%%%%%%%%%%%%%%%%%%%%%%%%%%%%%%%%%%%%%%%%%%%
%%%%%%%%%%%%%%%%%%%%%%%%%%%%%%%%%%%%%%%%%%%%%%%%%%%%%%%%%%%%%%%%%%%%%%%%%%%%%%
@BIBSECTION{mathphy,
	title = "Математика и физика"
}
%%%%%%%%%%%%%%%%%%%%%%%%%%%%%%%%%%%%%%%%%%%%%%%%%%%%%%%%%%%%%%%%%%%%%%%%%%%%%%
%%%%%%%%%%%%%%%%%%%%%%%%%%%%%%%%%%%%%%%%%%%%%%%%%%%%%%%%%%%%%%%%%%%%%%%%%%%%%%

@BOOK{Kalman1971,
	author = "Калман, Р. and Фалб, П. and Арбиб, М.",	
	title = "Очерки по математической теории систем",
	publisher = "Мир",
	address = "М.",
	year = "1971",
	language = "russian"
}

@BOOK{KalmanE1971,
	author = "Kalman, R. E. and Falb, P. L. and Arbib, M. A.",	
	title = "Topics In Mathematical System Theory",
	publisher = "MC Graw-Hill Book Company",
	address = "New York",
	year = "1969",
	language = "english"
}

%%%%%%%%%%%%%%%%%%%%%%%%%%%%%%%%%%%%%%%%%%%%%%%%%%%%%%%%%%%%%%%%%%%%%%%%%%%%%%
%%%%%%%%%%%%%%%%%%%%%%%%%%%%%%%%%%%%%%%%%%%%%%%%%%%%%%%%%%%%%%%%%%%%%%%%%%%%%%
@BIBSECTION{cogmodels,
	title = "Cognitive"
}
%%%%%%%%%%%%%%%%%%%%%%%%%%%%%%%%%%%%%%%%%%%%%%%%%%%%%%%%%%%%%%%%%%%%%%%%%%%%%%
%%%%%%%%%%%%%%%%%%%%%%%%%%%%%%%%%%%%%%%%%%%%%%%%%%%%%%%%%%%%%%%%%%%%%%%%%%%%%%

@ARTICLE{IvanitskyE1996,
	author = "Ivanitsky, A. M.",
	title = "Brain basis of subjective experience: information synthesis hypothesis",
	journal = "Neuroscience and Behavioral Physiology",
	year = "1996",
	volume = "46",
	number = "2",
	pages = "251--252",
	language = "english"
}

@ARTICLE{Ivanitsky1996,
	author = "Иваницкий, А. М.",
	title = "Мозговая основа субъективных переживаний: гипотеза информационного синтеза",
	journal = "Журнал высшей нервной деятельности",
	year = "1996",
	volume = "46",
	number = "2",
	pages = "241--282",
	language = "russian"
}


@article{Ivanitsky2010,
	author = {Иваницкий, А. М.},
	journal = {Вестник РАН},
	number = {5-6},
	pages = {447--455},
	title = {{Наука о мозге на пути к решению проблемы сознания}},
	volume = {80},
	year = {2010},
	language = "russian"
}

@ARTICLE{Vartanov2011,
	author = "Вартанов, А. В.",
	title ="Механизмы семантики: человек --- нейрон --- модель",
	journal ="Нейрокомпьютеры: разработка, применение",
	year = "2011",
	number = "12",
	pages ="54--64",
	language = "russian"	
}

@ARTICLE{Chernavsky2012,
	author = "Чернавская, О. Д. and Чернавский, Д. С. and Карп, В. П. and Никитин, А. П. and Рожило, Я. А.",
	title ="Процесс мыщления в контексте динамической теории информации. Часть {II}: понятие <<образ>> и <<символ>> как инструменты моделирования процесса мышления средствами нейрокомпьютинга",
	journal ="Нейрокомпьютеры: разработка, применение",
	year = "2012",
	number = "2",
	pages ="46--65",
	language = "russian"	
}


%%%%%%%%%%%%%%%%%%%%%%%%%%%%%%%%%%%%%%%%%%%%%%%%%%%%%%%%%%%%%%%%%%%%%%%%%%%%%%
%%%%%%%%%%%%%%%%%%%%%%%%%%%%%%%%%%%%%%%%%%%%%%%%%%%%%%%%%%%%%%%%%%%%%%%%%%%%%%
@BIBSECTION{htm,
	title = "Hierarchical Temporal Memory"
}
%%%%%%%%%%%%%%%%%%%%%%%%%%%%%%%%%%%%%%%%%%%%%%%%%%%%%%%%%%%%%%%%%%%%%%%%%%%%%%
%%%%%%%%%%%%%%%%%%%%%%%%%%%%%%%%%%%%%%%%%%%%%%%%%%%%%%%%%%%%%%%%%%%%%%%%%%%%%%

@ARTICLE{Bolotova2011,
	author = "Болотова, Ю. А. and Спицын, В. Г. and Фомин, А. Э.",
	title = "Применение иерархической временной памяти в распознавании изображений",
	journal = "Известия Томского политехнического университета",
	year = "2011",
	volume = "318",
	number = "5",
	pages = "60--63",
	language = "russian"
}

@article{Hawkins2009b,
	author = {Hawkins, Jeff and George, Dileep and Niemasik, Jamie},
	journal = {Philosophical transactions of the Royal Society of London. Series B, Biological sciences},
	pages = {1203--1209},
	title = {{Sequence memory for prediction, inference and behaviour.}},
	volume = {364},
	year = {2009}
}

@ARTICLE{Hawkins2009,
	author = "George, D. and Hawkins, J.",
	title = "Towards a Mathematical Theory of Cortical Micro-circuits",
	journal = "PLoS Computational Biology",
	year = "2009",
	number = "10",
	volume = "5",
	pages = "1--26",
	language = "english"
}

@INPROCEEDINGS{George2005,
	author="George, D. and Hawkins, J.",
	title="A hierarchical Bayesian model of invariant pattern recognition in the visual cortex",
	booktitle = "Proceedings of the International Joint Conference on Neural Networks",
	year="2005",
	volume="3",
	pages="1812--1817",
	language = "english"
}

@PHDTHESIS{George2008,
	author = "George, D.",
	title = "How the Brain Might Work: a Hierarchical and Temporal Model for Learning and Recognition",
	pages = "191",
	school = "Stanford University",
	year = "2008",
	language = "english"
}


%%%%%%%%%%%%%%%%%%%%%%%%%%%%%%%%%%%%%%%%%%%%%%%%%%%%%%%%%%%%%%%%%%%%%%%%%%%%%%
%%%%%%%%%%%%%%%%%%%%%%%%%%%%%%%%%%%%%%%%%%%%%%%%%%%%%%%%%%%%%%%%%%%%%%%%%%%%%%
@BIBSECTION{patterns,
	title = "Pattern"
}
%%%%%%%%%%%%%%%%%%%%%%%%%%%%%%%%%%%%%%%%%%%%%%%%%%%%%%%%%%%%%%%%%%%%%%%%%%%%%%
%%%%%%%%%%%%%%%%%%%%%%%%%%%%%%%%%%%%%%%%%%%%%%%%%%%%%%%%%%%%%%%%%%%%%%%%%%%%%%

@ARTICLE{Zhuravlev1977,
	author = "Журавлев, Ю. И.",
	title = "Корректные алгебры над множеством некорректных (эвристических) алгоритмов. {Ч}асть {I}",
	journal = "Кибернектика",
	year = "1977",
	number = "4",
	pages = "5--17",
	language = "russian"
}

@ARTICLE{ZhuravlevE1977,
	author = "Zhuravlev, {\relax Yu}ri I.",
	title = "Correct algebras over sets of incorrect ({H}euristic) algorithms. {I}",
	journal = "Cybernetics",
	year = "1977",
	volume = "13",
	number = "4",
	pages = "489--497",
	language = "english"
}

@BOOK{Vapnik1974,
	author = "Вапник, В. Н. and Червоненкис, А. Я.",
	title = "Теория распознавания образов",
	address = "М.",
	publisher = "Наука",
	year = "1974",
	language = "russian"
}

%%%%%%%%%%%%%%%%%%%%%%%%%%%%%%%%%%%%%%%%%%%%%%%%%%%%%%%%%%%%%%%%%%%%%%%%%%%%%%
%%%%%%%%%%%%%%%%%%%%%%%%%%%%%%%%%%%%%%%%%%%%%%%%%%%%%%%%%%%%%%%%%%%%%%%%%%%%%%
@BIBSECTION{attention,
	title = "Внимание"
}
%%%%%%%%%%%%%%%%%%%%%%%%%%%%%%%%%%%%%%%%%%%%%%%%%%%%%%%%%%%%%%%%%%%%%%%%%%%%%%
%%%%%%%%%%%%%%%%%%%%%%%%%%%%%%%%%%%%%%%%%%%%%%%%%%%%%%%%%%%%%%%%%%%%%%%%%%%%%%

@ARTICLE{Borji2013,
	author = "Borji, A. and Itti, L.",
	title = "State-of-the-Art in Visual Attention Modeling",
	journal = "IEEE Transactions on Pattern Analysis and Machine Intelligence",
	year = "2013",
	number = "1",
	volume = "35",
	pages = "185--207",
	language = "english"
}

@ARTICLE{Rensink2000,
	author = "Rensink, R.",
	title = "The dynamic representation of scenes",
	journal = "Visual Cognition",
	year = "2000",
	number = "7",
	pages = "17--42",
	language = "english"
}

@ARTICLE{Triesman1980,
	author = "Triesman, A. M. and Gelade, G.",
	title = "A Feature Integration Theory of Attention",
	journal = "Cognitive Psyhology",
	year = "1980",
	volume = "12",
	pages = "97--136",
	language = "english"
}

%%%%%%%%%%%%%%%%%%%%%%%%%%%%%%%%%%%%%%%%%%%%%%%%%%%%%%%%%%%%%%%%%%%%%%%%%%%%%%
%%%%%%%%%%%%%%%%%%%%%%%%%%%%%%%%%%%%%%%%%%%%%%%%%%%%%%%%%%%%%%%%%%%%%%%%%%%%%%
@BIBSECTION{consciousness,
	title = "Consciousness"
}
%%%%%%%%%%%%%%%%%%%%%%%%%%%%%%%%%%%%%%%%%%%%%%%%%%%%%%%%%%%%%%%%%%%%%%%%%%%%%%
%%%%%%%%%%%%%%%%%%%%%%%%%%%%%%%%%%%%%%%%%%%%%%%%%%%%%%%%%%%%%%%%%%%%%%%%%%%%%%

@ARTICLE{Sergin2008,
	author = "Sergin, A. V. and Sergin, V. Ya.",
	title = "Model of perception: The hierarchy of inclusive sensory characteristics and top-down cascade transfer of excitation",
	journal = "Neural Network World",
	year = "2008",
	volume = "18",
	number = "3",
	pages = "227--244",
	language = "english"
}

@ARTICLE{Sergin2009,
	author = "Сергин, В. Я.",
	title = "Психофизиологические механизмы восприятия: концепция объемлющих сенсорных характеристик",
	journal = "Успехи физиологических наук",
	year = "2009",
	volume = "40",
	number = "4",
	pages = "42--63",
	language = "russian"
}

@ARTICLE{Sergin2011,
	author = "Сергин, В. Я.",
	title = "Сознание и мышление: нейробиологические механизмы",
	journal = "Психологический журнал Международного университета природы, общества и человека <<Дубна>>",
	year = "2011",
	number = "2",
	pages = "7--34",
	language = "russian"
}

@BOOK{Baars1988,
	author = "Baars, B. J.",
	title = "A cognitive theory of consciousness",
	publisher = "Cambridge University Press.",
	address = "New York",
	year = "1988",
	language = "english"	
}

@ARTICLE{Franklin1999,
	author = "Franklin, S. and Graesser, A.",
	title = "A software agent model of consciousness",
	journal = "Conscious Cognition",
	year = "1999",
	number = "8",
	pages = "285--301",
	language = "english"
}
@ARTICLE{Baars2005,
	author = "Baars, B. J.",
	title = "Global workspace theory of consciousness: toward a	cognitive neuroscience of human experience",
	journal = "Progress in Brain Research",
	year = "2005",
	volume = "150",
	pages = "45--53",
	language = "english"
}

@ARTICLE{Dehaene2003,
	author = "Dehaene, S. and Sergent, C. and Changeux, J. P.",
	title = "A neuronal network model linking subjective reports and objective physiological data during conscious perception",
	journal = "Proceedings of National Academy of Sciences USA",
	year = "2003",
	number = "14",
	volume = "100",
	pages = "8520--8525",
	language = "english"
}

@ARTICLE{Sokolov2004,
	author = "Соколов, Е. Н.",
	title = "Нейроны сознания",
	journal = "Психология. Журнал Высшей школы экономики",
	year = "2004",
	number = "2",
	volume = "1",
	pages = "3--15",
	language = "russian"
}

%%%%%%%%%%%%%%%%%%%%%%%%%%%%%%%%%%%%%%%%%%%%%%%%%%%%%%%%%%%%%%%%%%%%%%%%%%%%%%
%%%%%%%%%%%%%%%%%%%%%%%%%%%%%%%%%%%%%%%%%%%%%%%%%%%%%%%%%%%%%%%%%%%%%%%%%%%%%%
@BIBSECTION{neurophy,
	title = "Нейронауки"
}
%%%%%%%%%%%%%%%%%%%%%%%%%%%%%%%%%%%%%%%%%%%%%%%%%%%%%%%%%%%%%%%%%%%%%%%%%%%%%%
%%%%%%%%%%%%%%%%%%%%%%%%%%%%%%%%%%%%%%%%%%%%%%%%%%%%%%%%%%%%%%%%%%%%%%%%%%%%%%

@BOOK{Anokhin1975,
	author = "Анохин, П. К.",
	title = "Очерки по физиологии функциональных систем",
	adress = "М.",
	publisher = "Медицина",	
	year = "1975",
	language = "russian"
}

@BOOK{Aleksandrov2007,
	title = "Психофизиология",
	edition = "3-е",
	editor = "Александров, Ю. И.",
	adress = "СПб.",
	publisher = "Питер",	
	year = "2007",
	pages = "464",
	language = "russian"
}

@BOOK{Edelmen1981,
	author = "Эделмен, Дж. and Маунткасл, В.",
	title = "Разумный мозг",
	publisher = "Мир",
	address = "М.",
	year = "1981",
	language = "russian"	
}

@BOOK{Edelmen1987,
	author = "Edelman, G. M.",
	title = "Neural Darwinism: The Theory Of Neuronal Group Selection",
	publisher = " Basic Books",
	address = "New York",
	year = "1987",
	pages = "400",
	language = "english"	
}

@ARTICLE{Lamme2000,
	author = "Lamme, V. A. and Roelfsema, P. R.",
	title = "The distinct modes of vision offered by feedforward and recurrent processing",
	journal = "Trends Neuroscience",
	year = "2000",
	number = "23",
	volume = "11",
	pages = "571--579",
	language = "english"
}

@ARTICLE{Felleman1991,
	author = "Felleman, D. J. and van Essen, D. C.",
	title = "Distributed hierarchical processing in the primate cerebral cortex",
	journal = "Cerebral Cortex",
	year = "1991",
	number = "1",
	volume = "1",
	pages = "1--47",
	language = "english"
}

@ARTICLE{Llinas1998,
	author = "Llinas, R. and Ribary, U. and Contreras, D. and Pedroarena, C.",
	title = "The neuronal basis for consciousness",
	journal = "Philosophical transactions of the Royal Society of London. Series B. Biological sciences",
	year = "1998",
	number = "353",
	pages = "1841--1849",
	language = "english"
}

@article{Rockland2010,
	author = {Rockland, K. S.},
	journal = {Frontiers in neuroanatomy},
	language = {english},
	pages = {22},
	publisher = {Frontiers},
	title = {{Five points on columns.}},
	volume = {4},
	year = {2010}
}


@BOOK{Mountcastle1998,
	author = {Mountcastle, V. B.},
	journal = {Proceedings of the National Academy of Sciences},
	pages = {512},
	title = {{Perceptual Neuroscience. The Cerebral Cortex}},
	year = {1998},
	publisher = "Harvard University Press",
	address = "Cambridge",
	languages = "english"
}

@article{Zador2012,
	author = {Zador, A. M. and Dubnau, J. and Oyibo, H. K. and Zhan, H. and Cao, G. and Peikon, I. D.},
	journal = {PLoS biology},
	number = {10},
	title = {{Sequencing the connectome}},
	volume = {10},
	year = {2012},
	language = "english"
}


%%%%%%%%%%%%%%%%%%%%%%%%%%%%%%%%%%%%%%%%%%%%%%%%%%%%%%%%%%%%%%%%%%%%%%%%%%%%%%
%%%%%%%%%%%%%%%%%%%%%%%%%%%%%%%%%%%%%%%%%%%%%%%%%%%%%%%%%%%%%%%%%%%%%%%%%%%%%%
@BIBSECTION{psychology,
	title = "Psychology"
}
%%%%%%%%%%%%%%%%%%%%%%%%%%%%%%%%%%%%%%%%%%%%%%%%%%%%%%%%%%%%%%%%%%%%%%%%%%%%%%
%%%%%%%%%%%%%%%%%%%%%%%%%%%%%%%%%%%%%%%%%%%%%%%%%%%%%%%%%%%%%%%%%%%%%%%%%%%%%%

@BOOK{Leontiev1975,
	author = "Леонтьев, А. Н.",
	title = "Деятельность. Сознание. Личность",
	publisher = "Политиздат",
	address = "М.",
	year = "1975",
	language = "russian"
}

@BOOK{Tikhomirov2002,
	author = "Тихомиров, О. К.",
	title = "Психология мышления",
	publisher = "Издательство МГУ",
	address = "М.",
	year = "2002",
	pages = "288",
	language = "russian"
}

@BOOK{Velichkovsky2006,
	title = "Когнитивная наука: основы психологии познания. Т.\,1.",
	publisher = "Смысл",
	address = "М.",
	year = "2006",
	author = "Величковский, Б. М.",
	language = "russian"
}

@ARTICLE{Chudova2012a,
	author = "Чудова, Н. В.",
	title = "Концептуальное описание картины мира для задачи моделирования поведения, основанного на сознании",
	journal = "Искусственный интеллект и принятие решений",
	year = "2012",
	number = "2",
	pages = "51--62",
	language = "russian"
}

@INPROCEEDINGS{Kuznetcova2014,
	author = "Кузнецова, Ю. М. and Чудова, Н. В.",
	title = "Развитие методологических основ когнитивных исследований виртуальной коммуникации",
	booktitle = "Четырнадцатая национальная конференция по искусственному интеллекту с международным участием КИИ--2014 (24--27 сентября 2014г., г. Казань, Россия): Труды конференции",
	address = "Казань",
	publisher = "Издательство КФУ",
	year = 2014,
	pages = "197--205",
	volume = "1",
	language = "russian"
}

@ARTICLE{Chudova2015,
	author = "Чудова, Н. В.",
	title = "Агрессивность и конструктивное мышление",
	journal = "Труды Института системного анализа РАН",
	year = "2015",
	number = "1",
	language = "russian"
}

@INPROCEEDINGS{ChudovaT2012a,
	author = "Чудова, Н. В.",
	title = "К вопросу об операционализации понятия <<картина мира>>",
	booktitle = "Пятая международная конференция по когнитивной науке: Тезисы докладов: Калининград, 18--24 июня 2012~г.",
	address = "Калининград",
	publisher = "Межрегиональная ассоциация когнитивных исследований (МАКИ)",
	year = "2012",
	pages = "815--816",
	language = "russian"
}

@INPROCEEDINGS{ChudovaT2012b,
	author = "Чудова, Н. В.",
	title = "Проблемы саморегуляции и планирования у человека интернет-эпохи",
	booktitle = "Труды Международной научно-практической конференции <<Журналистика в 2012 году: социальная миссия и профессия>>, 9--11 февраля 2013~г.",
	address = "Москва",
	publisher = "Факультет журналистики МГУ",
	year = "2013",
	language = "russian"
}

@BOOK{Vygotsky2005,
	author = "Выготский, Л. С.",
	title = "Психология развития человека",
	publisher = "Издательство Смысл",
	address = "М.",
	year = "2005",
	pages = "1136",
	language = "russian"	
}

@incollection{Zinchenko1959,
	author = "Зинченко, П. И.",
	title = "Вопросы психологии памяти",
	booktitle = "Психологическая наука в СССР в 2-х тт. Т. 1",
	address = "М.",
	publisher = "Изд-во АПН РСФСР",
	year = "1959",
	language = "russian"	
}

@BOOK{Luria1963,
	author = "Лурия, А. Р.",
	title = "Мозг и психические процессы. Т. 1",
	publisher = "Педагогика",
	address = "М.",
	year = "1963",
	language = "russian"	
}

@BOOK{Luria1970,
	author = "Лурия, А. Р.",
	title = "Мозг и психические процессы. Т. 2",
	publisher = "Педагогика",
	address = "М.",
	year = "1970",
	language = "russian"	
}

@BOOK{Artemyeva1980,
	author = "Артемьева, Е. Ю.",
	title = "Психология субъективной семантики",
	publisher = "Издательство МГУ",
	address = "М.",
	year = "1980",
	language = "russian"	
}

@BOOK{Leontiev1983,
	author = "Леонтьев, А. Н.",
	title = "Избранные психологические произведения. Том II",
	editors = "Давыдова, В. В. and Зинченко, В. П. and Леонтьева, А. А. and Петровского, А. В.",
	publisher = "Педагогика",
	address = "М.",
	year = "1983",
	pages = "251--261",
	language = "russian"	
}

@BOOK{Kelly1991,
	author = "Kelly, G. A.",
	title = "The psychology of personal constructs. V. I. A theory of personality",
	publisher = "Routledge",
	address = "London",
	year = "1991",
	language = "english"	
}

@BOOK{Festinger1999,
	author = "Фестинег, Л.",
	title = "Теория когнитивного диссонанса",
	publisher = "Ювента",
	address = "СПб.",
	year = "1999",
	language = "russian"	
}

@ARTICLE{Chudova2014,
	author = "Чудова, Н. В.",
	title = "Переработка опыта как функция образа мира",
	journal = "Искусственный интеллект и принятие решений",
	year = "2014",
	number = "3",
	pages = "40--45",
	language = "russian"
}

@BOOK{Aerts1994,
	author = "Aerts, D. and Hellemans, S. and Apostel, L. and De Moor, B. and Maex, E.",
	title = "World Views: From fragmentation to integration",
	publisher = "VUB Brussels University Press",
	address = "Brussels",
	year = "1994",
	language = "english"	
}

@ARTICLE{Vidal2012,
	author = "Vidal, C.",
	title = "Metaphilosophical Criteria for Worldview Comparison",
	journal = "Metaphilosophy",
	year = "2012",
	number = "3",
	volume = "43",
	pages = "306--347",
	language = "english"
}

@ARTICLE{Koltko-Rivera2004,
	author = "Koltko-Rivera, M. E.",
	title = "The Psychology of Worldviews",
	journal = "Review of General Psychology",
	year = "2004",
	number = "1",
	volume = "8",
	pages = "3--58",
	language = "english"
}

@ARTICLE{Schank1972,
	author = "Schank, R. C.",
	title = "Conceptual dependency: A theory of natural language understanding",
	journal = "Cognitive Psychology",
	year = "1972",
	number = "4",
	volume = "3",
	pages = "552--631",
	language = "english"
}

@ARTICLE{Chun1995,
	author = "Chun, M. M. and Potter, M. C.",
	title = "A two-stage model for multiple target detection in rapid serial visual presentation",
	journal = "Journal of Experimental Psychology: Human Perception and Performance",
	year = "1995",
	number = "21",
	pages = "109--127",
	language = "english"
}

@ARTICLE{Raymond1992,
	author = "Raymond, J. E. and Shapiro, K. L.",
	title = "Temporary suppression of visual processing in an RSVP task: an attentional blink?",
	journal = "Journal of Experimental Psychology: Human Perception and Performance",
	year = "1992",
	number = "18",
	pages = "849--860",
	language = "english"
}

%%%%%%%%%%%%%%%%%%%%%%%%%%%%%%%%%%%%%%%%%%%%%%%%%%%%%%%%%%%%%%%%%%%%%%%%%%%%%%
%%%%%%%%%%%%%%%%%%%%%%%%%%%%%%%%%%%%%%%%%%%%%%%%%%%%%%%%%%%%%%%%%%%%%%%%%%%%%%
@BIBSECTION{automats,
	title = "Automats"
}

%%%%%%%%%%%%%%%%%%%%%%%%%%%%%%%%%%%%%%%%%%%%%%%%%%%%%%%%%%%%%%%%%%%%%%%%%%%%%%
%%%%%%%%%%%%%%%%%%%%%%%%%%%%%%%%%%%%%%%%%%%%%%%%%%%%%%%%%%%%%%%%%%%%%%%%%%%%%%

@BOOK{Kudryavtcev1985,
	author = "Кудрявцев, В. Б. and Алешин, С. В. and Подколзин, А. С.",
	title = "Введение в теорию автоматов",
	publisher = "Наука",
	address = "М.",
	year = "1985",
	pages = "320",
	language = "russian"	
}

%%%%%%%%%%%%%%%%%%%%%%%%%%%%%%%%%%%%%%%%%%%%%%%%%%%%%%%%%%%%%%%%%%%%%%%%%%%%%%
%%%%%%%%%%%%%%%%%%%%%%%%%%%%%%%%%%%%%%%%%%%%%%%%%%%%%%%%%%%%%%%%%%%%%%%%%%%%%%
@BIBSECTION{linguistics,
	title = "Лингвистика"
}

%%%%%%%%%%%%%%%%%%%%%%%%%%%%%%%%%%%%%%%%%%%%%%%%%%%%%%%%%%%%%%%%%%%%%%%%%%%%%%
%%%%%%%%%%%%%%%%%%%%%%%%%%%%%%%%%%%%%%%%%%%%%%%%%%%%%%%%%%%%%%%%%%%%%%%%%%%%%%

@ARTICLE{Chudova2012b,
	author = "Чудова, Н. В.",
	title = "Понимание: предмет исследования и объект моделирования",
	journal = "Искусственный интеллект и принятие решений",
	year = "2012",
	number = "4",
	pages = "3--32",
	language = "russian"
}

@ARTICLE{Kuznetsova2012,
	author = "Кузнецова, Ю. М.",
	title = "Понимание и проблемы языкового выражения смысла",
	journal = "Труды Института системного анализа РАН",
	year = "2012",
	number = "4",
	pages = "116--131",
	language = "russian"
}

%%%%%%%%%%%%%%%%%%%%%%%%%%%%%%%%%%%%%%%%%%%%%%%%%%%%%%%%%%%%%%%%%%%%%%%%%%%%%%
%%%%%%%%%%%%%%%%%%%%%%%%%%%%%%%%%%%%%%%%%%%%%%%%%%%%%%%%%%%%%%%%%%%%%%%%%%%%%%
@BIBSECTION{mash_learn,
	title = "Машинное обучение"
}

%%%%%%%%%%%%%%%%%%%%%%%%%%%%%%%%%%%%%%%%%%%%%%%%%%%%%%%%%%%%%%%%%%%%%%%%%%%%%%
%%%%%%%%%%%%%%%%%%%%%%%%%%%%%%%%%%%%%%%%%%%%%%%%%%%%%%%%%%%%%%%%%%%%%%%%%%%%%%

@INCOLLECTION{Norris1977,
	author = "Norris, Eugene M.",
	title = "Maximal Rectangular Relations",
	booktitle = "Fundamentals of Computation Theory",
	address = "Berlin",
	publisher = "Springer",
	editor = "Karpinski, Marek",
	year = "1977",
	pages = "476--481",
	language = "english"
}

@inproceedings{Koutnik2007,
	author = "Koutnik, J.",
	title = "Inductive Modelling of Temporal Sequences by Means of Self-organization",
	booktitle = "Proceeding of International Workshop on Inductive Modelling (IWIM 2007)",
	pages = "269--277",
	year = "2007",
	language = "english"		
}

@ARTICLE{Kuznetsov2002,
	author = "Kuznetsov, S. O. and Obiedkov, S. A.",
	title = "Comparing Performance of Algorithms for Generating Concept Lattices",
	journal = "Journal of Experimental and Theoretical Artificial Intelligence",
	year = "2002",
	volume = "14",
	pages = "189--216",
	language = "english"
}

@ARTICLE{Fernando2013,
	author = "Fernando, C.",
	title = "From blickets to synapses: inferring temporal causal networks by observation",	
	journal = "Cognitive science",
	year = "2013",	
	number = "8",
	volume = "37",
	pages = "1426--1470",	
	language = "english"	
}

@incollection{Koutn2008,
	author = "Koutnik, J. and Snorek, M.",
	title = "Temporal Hebbian Self-Organizing Map for Sequences",	
	booktitle = "Artificial Neural Networks - ICANN 2008",
	pages = "632--641",
	publisher = "Springer",
	address = "Berlin",	
	year = "2008",
	language = "english"			
}

@article{Hinton2006,
	author = "Hinton, G. E. and Osindero, S. and Teh, Y.-W.",
	journal = "Neural Computation",
	number = "7",
	pages = "1527--1554",
	title = "A fast learning algorithm for deep belief nets",
	volume = "18",
	year = "2006",
	language = "english"				
}

@BOOK{Kohonen2001,
	author = "Kohonen, T.",
	title = "Self-Organize Maps",
	publisher = "Springer",
	address = "Heidelberg",
	year = "2001",
	edition = "3rd",
	pages = "502",
	language = "english"	
}

@inproceedings{Varsta1997,
	author = "Varsta, M. and Heikkonen, J. and Millan, Jose del R.",
	title = "Context learning with the self organizing map",	
	booktitle = "Proceedings of WSOM 1997, Workshop on Self-Organizing Maps, June 4–6",
	pages = "197--202",
	year = "1997",
	address = "Espoo, Finland",
	publisher = "Helsinki University of Technology, Neural Networks Research Centre",
	language = "english"		
}

@inproceedings{Varsta2000,
	author = "Varsta, M. and Heikkonen, J. and Lampinen, J.",
	title = "Analytical comparison of the temporal kohonen map and the recurrent self organizing map",	
	booktitle = "European Symposium on Artificial Neural Networks (ESANN)",
	pages = "273--280",
	year = "2000",
	editor ="Verleysen, M.",
	language = "english"		
}

@article{Voegtlin2002,
	author = "Voegtlin, T.",
	journal = "Neural Network",
	number = "8--9",
	pages = "979--991",
	title = "Recursive self-organizing maps",
	volume = "15",
	year = "2002",
	language = "english"				
}

@inproceedings{Stricker2003,
	author = "Strickert, M. and Hammer, B.",
	title = "Neural gas for sequences",	
	booktitle = "Proceedings of the Workshop on Self-Organizing Networks (WSOM)",
	pages = "53--58",
	year = "2003",
	editor ="Yamakawa, T.",
	publisher = "Kyushu Institute of Technology",
	language = "english"		
}

@incollection{Rescorla1972,
	author = "Rescorla, R. A. and Wagner, A. R.",
	booktitle = "Classical conditioning II",
	pages = "64--99",
	title = "A theory of Pavlovian conditioning: Variations in the effectiveness of reinforcement and nonreinforcement",
	year = "1972",
	publisher = "Appleton-Century-Crofts",	
	editor = "Black, A. H. and Prokasy, W. F.",
	address = "New York",	
	language = "english"			
}

@article{VanHamme1994,
	author = "Van Hamme, L. and Wasserman, E. A.",
	journal = "Learning and Motivation",
	number = "25",
	pages = "127--151",
	title = "Cue competition in causality judgements: The role of nonpresentation of compound stimulus elements",
	year = "1994",
	language = "english"				
}

@article{Sanborn2010,
	author = "Sanborn, A. N. and Griffiths, T. L. and Navarro, D. J.",
	title = "Rational approximations to rational models: Alternative algorithms for category learning",	
	journal = "Psychological Review",
	number = "4",
	volume = "117",
	pages = "1144--1167",
	year = "2010",
	language = "english"				
}

@article{Tenenbaum2011,
	author = "Tenenbaum, J. B. and Kemp, C. and Griffiths, T. L. and Goodman, N. D.",
	title = "How to grow a mind: Statistics, structure, and abstraction",	
	journal = "Science",
	volume = "331",
	pages = "1279-–1285",
	year = "2010",
	language = "english"				
}

@article{Rawlinson2012,
	author = {Rawlinson, David and Kowadlo, Gideon},
	editor = {Vasilaki, Eleni},
	journal = {PloS one},
	number = {1},
	pages = {e29264},
	publisher = {Public Library of Science},
	title = {{Generating adaptive behaviour within a memory-prediction framework.}},
	volume = {7},
	year = {2012}
}

@article{Deng2014,
	author = {Deng, L. and Yu, D.},
	title = "Deep Learning: Methods and Applications",	
	journal = "Foundations and Trends in Signal Processing",
	number = "3--4",
	pages = {197--387},
	volume = {7},
	year = {2014}
}

%%%%%%%%%%%%%%%%%%%%%%%%%%%%%%%%%%%%%%%%%%%%%%%%%%%%%%%%%%%%%%%%%%%%%%%%%%%%%%
%%%%%%%%%%%%%%%%%%%%%%%%%%%%%%%%%%%%%%%%%%%%%%%%%%%%%%%%%%%%%%%%%%%%%%%%%%%%%%
@BIBSECTION{online,
	title = "Online"
}

%%%%%%%%%%%%%%%%%%%%%%%%%%%%%%%%%%%%%%%%%%%%%%%%%%%%%%%%%%%%%%%%%%%%%%%%%%%%%%
%%%%%%%%%%%%%%%%%%%%%%%%%%%%%%%%%%%%%%%%%%%%%%%%%%%%%%%%%%%%%%%%%%%%%%%%%%%%%%

@ONLINE{NIH2014,
	author = "{National Institutes of Health}",
	title = "Brain Research through Advancing Innovative Neurotechnologies ({BRAIN})",
	year = "2014",
	url = "http://www.nih.gov/science/brain",
	urldate = "15.09.2014",
	language = "russian"
}

@ONLINE{HBP2014,
	author = "{European Commission}",
	title = "Human Brain Project",
	year = "2014",
	url = "https://www.humanbrainproject.eu",
	urldate = "15.09.2014",
	language = "russian"	
}

@ONLINE{NUM2014,
	author = "{Numenta}",
	title = "Applications",
	year = "2014",
	url = "https://www.numenta.com/",
	urldate = "15.09.2014",
	language = "russian"	
}

@ONLINE{MIMIC2014,
	author = "{Massachusetts Institute of Technology}",
	title = "{MIMIC II Database}",
	year = "2014",
	url = "https://mimic.physionet.org/database.html",
	urldate = "16.12.2014",
	language = "russian"	
}

@ONLINE{BICAS2015,
	author = "{BICA Society}",
	title = "{BICA Society}",
	year = "2015",
	url = "http://bicasociety.org",
	urldate = "01.03.2015",
	language = "russian"	
}

@ONLINE{BICAC2014,
	author = "{BICA Society}",
	title = "{BICA 2014}",
	year = "2014",
	url = "http://bicasociety.org/meetings/2014/",
	urldate = "01.02.2015",
	language = "russian"	
}

@ONLINE{BICAJ2014,
	author = "{Elsevier}",
	title = "{Biologically Inspired Cognitive Architectures - Journal}",
	year = "2015",
	url = "http://www.journals.elsevier.com/biologically-inspired-cognitive-architectures/",
	urldate = "01.02.2015",
	language = "russian"	
}

@ONLINE{HTM2015,
	author = "Numenta",
	title = "HTM White Paper",
	year = "2015",
	url = "http://numenta.org/htm-white-paper.html",
	urldate = "01.03.2015",
	language = "russian"	
}
