@article{Panov2015a,
author = {Panov, A. I. and Shvets, A. V. and Volkova, G. D.},
journal = {Scientific and Technical Information Processing},
number = {6},
pages = {420--425},
title = {{A Technique for Retrieving Cause and Effect Relationships from Optimized Fact Bases}},
volume = {42},
year = {2015}
}
@incollection{Panov2016a,
author = {Panov, Aleksandr I. and Yakovlev, Konstantin S.},
booktitle = {Robot Intelligence Technology and Applications 4},
pages = {(In Press)},
series = {Advances in Intelligent Systems and Computing},
title = {{Behavior and path planning for the coalition of cognitive robots in smart relocation tasks}},
year = {2016}
}
@article{Osipov2014b,
author = {Osipov, G. S. and Panov, A. I. and Chudova, N. V.},
journal = {Journal of Computer and Systems Sciences International},
number = {4},
pages = {517--529},
title = {{Behavior control as a function of consciousness. I. World model and goal setting}},
volume = {53},
year = {2014}
}
@article{Osipov2015e,
author = {Osipov, G. S. and Panov, A. I. and Chudova, N. V.},
journal = {Journal of Computer and Systems Sciences International},
number = {6},
pages = {882--896},
title = {{Behavior Control as a Function of Consciousness. II. Synthesis of a Behavior Plan}},
volume = {54},
year = {2015}
}
@article{Panov2014e,
author = {Panov, A. I.},
journal = {Scientific and Technical Information Processing},
number = {5},
pages = {275--282},
title = {{Extraction of Cause-Effect Relationships from Psychological Test Data Using Logical Methods}},
volume = {41},
year = {2014}
}
@article{Emelyanov2016,
author = {Emel'yanov, Stanislav and Makarov, Dmitry and Panov, Aleksandr I. and Yakovlev, Konstantin},
journal = {Cognitive Systems Research},
keywords = {14-11-00692,cognitive architecture,intelligent control system,mypub,nonlinear control,path planning,scopus,sign world model,state-dependent Riccati equation,unmanned aerial vehicle,wos},
pages = {58--72},
title = {{Multilayer cognitive architecture for UAV control}},
volume = {39},
year = {2016}
}


@article{Makarov2015a,
author = {Макаров, Д. А. and Панов, А. И. and Яковлев, К. С.},
journal = {Искусственный интеллект и принятие решений},
language = {russian},
number = {3},
pages = {18--33},
title = {{Архитектура многоуровневой интеллектуальной системы управления беспилотными летательными аппаратами}},
year = {2015}
}
@article{Panov2015h,
author = {Панов, А. И.},
journal = {Робототехника и техническая кибернетика},
keywords = {14-07-31194,elibrary,mypub,группа БПЛА,знак,иерархия автоматов,когнитивные процессы,представление знаний},
language = {russian},
mendeley-tags = {14-07-31194,elibrary,mypub},
number = {4(9)},
pages = {34--40},
title = {{Представление знаний автономных агентов, планирующих согласованные перемещения}},
year = {2015}
}
@article{Panov2015d,
author = {Панов, А. И. and Швец, А. В. and Волкова, Г. Д.},
journal = {Искусственный интеллект и принятие решений},
keywords = {13-07-12127,14-07-31194,AQ-обучение,elibrary,mypub,vak,ДСМ-метод,генетический алгоритм,машинное обучение,причинно-следственные отношения},
language = {russian},
mendeley-tags = {13-07-12127,14-07-31194,elibrary,mypub,vak},
number = {1},
pages = {27--34},
title = {{Метод извлечения причинно-следственных связей с использованием оптимизированных баз фактов}},
year = {2015}
}
