Scopus
EXPORT DATE: 4 June 2015

@ARTICLE{Lazer2009721,
	author={Lazer, D. and Pentland, A. and Adamic, L. and Aral, S. and Barab√°si, A.-L. and Brewer, D. and Christakis, N. and Contractor, N. and Fowler, J. and Gutmann, M. and Jebara, T. and King, G. and Macy, M. and Roy, D. and Van Alstyne, M.},
	title={Social science: Computational social science},
	journal={Science},
	year={2009},
	volume={323},
	number={5915},
	pages={721-723},
	note={cited By 564},
	keywords={roy}
}

@ARTICLE{Roy2002113,
	author={Roy, D.K. and Pentland, A.P.},
	title={Learning words from sights and sounds: A computational model},
	journal={Cognitive Science},
	year={2002},
	volume={26},
	number={1},
	pages={113-146},
	doi={10.1016/S0364-0213(01)00061-1},
	note={cited By 220},
	document_type={Article},
	source={Scopus},
	keywords={roy}
}

@ARTICLE{Roy2005170,
	author={Roy, D.},
	title={Semiotic schemas: A framework for grounding language in action and perception},
	journal={Artificial Intelligence},
	year={2005},
	volume={167},
	number={1-2},
	pages={170-205},
	doi={10.1016/j.artint.2005.04.007},
	note={cited By 97},
	document_type={Article},
	source={Scopus},
	keywords={roy}
}
@article{Harnad2010,
	author = {Harnad, Stevan},
	journal = {Physica},
	pages = {335--346},
	title = {{Symbol Grounding Problem}},
	url = {http://eprints.soton.ac.uk/271345/5/Harnad-CangelelosiComm.rtf},
	volume = {42},
	year = {1990},
	keywords={symbol}
}