%%%%%%%%%%%%%%%%%%%%%%%%%%%%%%%%%%%%%%%%%%%%%%%%%%%%%%%%%%%%%%%%%%%%%%%%%%%%%%
%%%%%%%%%%%%%%%%%%%%%%%%%%%%%%%%%%%%%%%%%%%%%%%%%%%%%%%%%%%%%%%%%%%%%%%%%%%%%%
@BIBSECTION{articles,
	title = "Публикации в журналах, входящих в перечень ВАК:"
}
%%%%%%%%%%%%%%%%%%%%%%%%%%%%%%%%%%%%%%%%%%%%%%%%%%%%%%%%%%%%%%%%%%%%%%%%%%%%%%
%%%%%%%%%%%%%%%%%%%%%%%%%%%%%%%%%%%%%%%%%%%%%%%%%%%%%%%%%%%%%%%%%%%%%%%%%%%%%%

@ARTICLE{PanovA2012c,
	author = "Петров, А. В. and Панов, А. И.",
	title = "Моделирование поведения автономного мобильного робота",
	journal = "Вестник Рыбинского государственного авиационного технического университета имени П.А. Соловьева",
	year = "2012",
	number = "2",
	pages = "179--185",
	language = "russian"
}

@Article{PanovT2013,
	author = "Петров, А. В. and Панов, А. И. and Березовский, Р. Г.",
	title = "Когнитивные архитектуры и проекты систем управления автономных мобильных роботов",
	journal = "Вестник Рыбинского государственного авиационного технического университета имени П.А. Соловьева",
	year = "2013",
	number = "1",
	pages = "111--113",
	language = "russian"
}

@ARTICLE{PanovA2013b,
	author = "Зубарев, Д. В. and Макаров, Д. А. and Панов, А. И. and Яковлев, К. С.",
	title = "Принципы построения многоуровневых архитектур систем управления беспилотными летательными аппаратами",
	journal = "Авиакосмическое приборостроение",
	year = "2013",
	number = "4",
	pages = "10--28",
	language = "russian"
}

@ARTICLE{PanovA2014a,
	author = "Осипов, Г. С. and Панов, А. И. and Чудова, Н. В.",
	title = "Управление поведением как функция сознания. {I}. {К}артина мира и целеполагание",
	journal = "Известия РАН. Теория и системы управления",
	year = "2014",
	number = "4",
	pages = "83--96",
	language = "russian"
}

%%%%%%%%%%%%%%%%%%%%%%%%%%%%%%%%%%%%%%%%%%%%%%%%%%%%%%%%%%%%%%%%%%%%%%%%%%%%%%
%%%%%%%%%%%%%%%%%%%%%%%%%%%%%%%%%%%%%%%%%%%%%%%%%%%%%%%%%%%%%%%%%%%%%%%%%%%%%%
@BIBSECTION{proceedings,
	title = "Публикации в сборниках докладов российских и международных	конференций:"
}
%%%%%%%%%%%%%%%%%%%%%%%%%%%%%%%%%%%%%%%%%%%%%%%%%%%%%%%%%%%%%%%%%%%%%%%%%%%%%%
%%%%%%%%%%%%%%%%%%%%%%%%%%%%%%%%%%%%%%%%%%%%%%%%%%%%%%%%%%%%%%%%%%%%%%%%%%%%%%

@INPROCEEDINGS{PanovT2010b,
	author = "Панов, А. И. and Чудова, Н. В.",
	title = "Моделирование процесса образования естественных понятий методами искусственного интеллекта",
	booktitle = "Четвертая международная конференция по когнитивной науке: Тезисы докладов: В 2 т. Томск, 22-26 июня 2010 г.",
	address = "Томск",
	publisher = "Томский государственный университет",
	volume = "2",
	year = "2010",
	pages = "455",
	language = "russian"
}

@INPROCEEDINGS{PanovA2011,
	author = "Кузнецова, Ю. М. and Осипов, Г. С. and Панов, А.И. and Петров, А. В. and Чудова, Н. В.",
	title = "Моделирование поведения, управляемого сознанием",
	booktitle = "Системный анализ и информационные технологии: тр. Четвертой Междунар. конф. (Абзаково, Россия, 17--23 авг. 2011 г.): в 2т.",
	volume = "1",
	address = "Челябинск",
	publisher = "Изд-во Челяб. Гос. ун--та",
	year = "2011",
	pages = "6--13",
	language = "russian"
}

@INPROCEEDINGS{PanovA2012a,
	author = "Панов, А. И.",
	title = "Моделирование процесса принятия решения агентом со знаковой картиной мира",
	booktitle = "Теория и практика системного анализа: Труды II Всероссийской научной конференции молодых учёных с международным участием",
	volume = "1",
	address = "Рыбинск",
	publisher = "РГАТУ имени П.А. Соловьёва",
	year = "2012",
	pages = "126--137",
	language = "russian"
}

@INPROCEEDINGS{PanovT2012a,
	author = "Кузнецова, Ю. М. and Панов, А.И. and Петров, А. В. and Чудова, Н. В.",
	title = "Элементы знакового опосредования в интеллектуальном агенте",
	booktitle = "V съезд Общероссийской общественной организации <<Российское психологическое общество>>. Материалы участников съезда",
	volume = "1",
	address = "М.",
	publisher = "Российское психологическое общество",
	year = "2012",
	pages = "490--491",
	language = "russian"
}

@INPROCEEDINGS{PanovT2012b,
	author = "Панов, А. И. and Петров, А. В.",
	title = "Моделирование потребностей и мотивов интеллектуального агента со знаковой картиной мира",
	booktitle = "Пятая международная конференция по когнитивной науке: Тезисы докладов: Калининград, 18-24 июня 2012 г.",
	address = "Калининград",
	publisher = "Межрегиональная ассоциация когнитивных исследований (МАКИ)",
	year = "2012",
	pages = "813--815",
	language = "russian"
}

@INPROCEEDINGS{PanovA2012b,
	author = "Панов, А. И.",
	title = "Семейства отношений в знаковой картине мира",
	booktitle = "Тринадцатая национальная конференция по искусственному интеллекту с международным участием КИИ--2012 (16--20 октября 2012г., г. Белгород, Россия): Труды конференции",
	address = "Белгород",
	publisher = "Издательство БГТУ",
	year = "2012",
	pages = "301--309",
	language = "russian"
}

@INPROCEEDINGS{PanovT2014a,
	author = "Панов, А. И. and Петров, А. В.",
	title = "Аналитическое и целостное представление образов интеллектуальным агентом со знаковой картиной мира",
	booktitle = "Шестая международная конференция по когнитивной науке: Тезисы докладов: Калининград, 23-27 июня 2014 г.",
	address = "Калининград",
	publisher = "Межрегиональная ассоциация когнитивных исследований (МАКИ)",
	year = "2014",
	pages = "466--468",
	language = "russian"
}

@INPROCEEDINGS{PanovT2014b,
	author = "Osipov, G. and Panov, A. and Chudova, N.",
	title = "Semiotic foundations of consciousness functions",
	booktitle = "Book of Abstracts. The First Conference of the International Association for Cognitive Semiotics (IACS-2014). September 25-27, 2014",
	address = "Lund",
	publisher = "Lund University",
	year = "2014",
	pages = "211",
	language = "english"
}

@INPROCEEDINGS{PanovT2014c,
	author = "Панов, А. И.",
	title = "Алгебраические свойства операторов распознавания в моделях зрительного восприятия динамических сцен",
	booktitle = "Интеллектуализация обработки информации: 10-я международная конференция. Греция, о.~Крит, 4--11 октября 2014~г.: Тезисы докладов",
	address = "М.",
	publisher = "Торус Пресс",
	year = "2014",
	pages = "132--133",
	language = "russian"
}

%%%%%%%%%%%%%%%%%%%%%%%%%%%%%%%%%%%%%%%%%%%%%%%%%%%%%%%%%%%%%%%%%%%%%%%%%%%%%%
%%%%%%%%%%%%%%%%%%%%%%%%%%%%%%%%%%%%%%%%%%%%%%%%%%%%%%%%%%%%%%%%%%%%%%%%%%%%%%
@BIBSECTION{misc,
	title = "Прочие публикации:"
}
%%%%%%%%%%%%%%%%%%%%%%%%%%%%%%%%%%%%%%%%%%%%%%%%%%%%%%%%%%%%%%%%%%%%%%%%%%%%%%
%%%%%%%%%%%%%%%%%%%%%%%%%%%%%%%%%%%%%%%%%%%%%%%%%%%%%%%%%%%%%%%%%%%%%%%%%%%%%%

@ARTICLE{PanovA2014c,
	author = "Панов, А. И.",
	title = "Алгебраические свойства операторов распознавания в моделях зрительного восприятия",
	journal = "Машинное обучение и анализ данных",
	year = "2014",
	number = "7",
	pages = "863--874",
	language = "russian"
}