@article{Panov2015a,
author = {Panov, A. I. and Shvets, A. V. and Volkova, G. D.},
doi = {10.3103/S0147688215060039},
journal = {Scientific and Technical Information Processing},
keywords = {13-07-12127,14-07-31194,elibrary,mypubtr,scopus},
mendeley-tags = {13-07-12127,14-07-31194,elibrary,mypubtr,scopus},
number = {6},
pages = {420--425},
title = {{A Technique for Retrieving Cause and Effect Relationships from Optimized Fact Bases}},
url = {http://link.springer.com/article/10.3103/S0147688215060039},
volume = {42},
year = {2015}
}
@inproceedings{Lupatov2015,
author = {Lupatov, A. Yu. and Panov, A. I. and Suvorov, R. E. and Shvets, A. V. and Yarygin, K. N. and Volkova, G. D.},
booktitle = {Proceedings of ICPRAM 2015 - 4th International Conference on Pattern Recognition Applications and Methods},
doi = {10.5220/0005248802700276},
editor = {Figueiredo, M. and Fred, A. and {De Marsico}, M.},
isbn = {9789897580772},
keywords = {13-07-12127,AQ-method,Anticancer vaccine,Cell therapy,Data mining,Dendritic cells,Genetic algorithm,JSM-method,Natural language processing,Text mining,myconf,scopus},
mendeley-tags = {13-07-12127,myconf,scopus},
pages = {270--276},
publisher = {SciTePress},
title = {{Assessment of Dendritic Cell Therapy Effectiveness Based on the Feature Extraction from Scientific Publications}},
volume = {2},
year = {2015}
}
@incollection{Panov2016a,
author = {Panov, Aleksandr I. and Yakovlev, Konstantin S.},
booktitle = {Robot Intelligence Technology and Applications 4},
editor = {Kim, Jong-Hwan and Karray, Fakhri and Jo, Jun and Sincak, Peter and Myung, Hyun},
keywords = {14-07-31194,15-37-20893,behavior planning,coalition,knowledge representation,lian,myconf,path planning,scopus,semiotic model,sign world model,task planning},
mendeley-tags = {14-07-31194,15-37-20893,myconf,scopus},
pages = {(In Press)},
series = {Advances in Intelligent Systems and Computing},
title = {{Behavior and path planning for the coalition of cognitive robots in smart relocation tasks}},
year = {2016}
}
@article{Osipov2014b,
author = {Osipov, G. S. and Panov, A. I. and Chudova, N. V.},
doi = {10.1134/S1064230714040121},
issn = {1064-2307},
journal = {Journal of Computer and Systems Sciences International},
keywords = {12-07-00611,elibrary,mypubtr,scopus,wos},
mendeley-tags = {12-07-00611,elibrary,mypubtr,scopus,wos},
number = {4},
pages = {517--529},
title = {{Behavior control as a function of consciousness. I. World model and goal setting}},
url = {http://link.springer.com/10.1134/S1064230714040121},
volume = {53},
year = {2014}
}
@article{Osipov2015e,
author = {Osipov, G. S. and Panov, A. I. and Chudova, N. V.},
doi = {10.1134/S106423071505010X},
journal = {Journal of Computer and Systems Sciences International},
keywords = {14-11-00692,15-07-06214,elibrary,mypubtr,scopus,wos},
mendeley-tags = {14-11-00692,15-07-06214,elibrary,mypubtr,scopus,wos},
number = {6},
pages = {882--896},
title = {{Behavior Control as a Function of Consciousness. II. Synthesis of a Behavior Plan}},
url = {http://link.springer.com/article/10.1134/S106423071505010X},
volume = {54},
year = {2015}
}
@article{Panov2014e,
author = {Panov, A. I.},
doi = {10.3103/S0147688214050049},
isbn = {0147688214050},
journal = {Scientific and Technical Information Processing},
keywords = {10-06-00834,12-07-00611,12-07-31057,AQ learning,JSM method,cause-effect relationships,data mining,elibrary,mypubtr,psychological testing,scopus,statistical analysis},
mendeley-tags = {10-06-00834,12-07-00611,12-07-31057,elibrary,mypubtr,scopus},
number = {5},
pages = {275--282},
title = {{Extraction of Cause-Effect Relationships from Psychological Test Data Using Logical Methods}},
url = {http://link.springer.com/article/10.3103/S0147688214050049},
volume = {41},
year = {2014}
}
@incollection{Skrynnik2016,
author = {Skrynnik, Aleksey and Petrov, Alexander and Panov, Aleksandr I.},
booktitle = {Biologically Inspired Cognitive Architectures (BICA) for Young Scientists},
editor = {Samsonovich, Alexei V. and Klimov, Valentin V. and Rybina, Galina V.},
keywords = {16-37-60055,myconf,scopus},
mendeley-tags = {16-37-60055,myconf,scopus},
pages = {219--225},
publisher = {Springer International Publishing},
series = {Advances in Intelligent Systems and Computing},
title = {{Hierarchical temporal memory implementation with explicit states extraction}},
year = {2016}
}
@article{Emelyanov2016,
author = {Emel'yanov, Stanislav and Makarov, Dmitry and Panov, Aleksandr I. and Yakovlev, Konstantin},
doi = {10.1016/j.cogsys.2015.12.008},
issn = {13890417},
journal = {Cognitive Systems Research},
keywords = {14-11-00692,cognitive architecture,intelligent control system,mypub,nonlinear control,path planning,scopus,sign world model,state-dependent Riccati equation,unmanned aerial vehicle,wos},
mendeley-tags = {14-11-00692,mypub,scopus,wos},
pages = {58--72},
title = {{Multilayer cognitive architecture for UAV control}},
url = {http://linkinghub.elsevier.com/retrieve/pii/S1389041716000048},
volume = {39},
year = {2016}
}


@article{Makarov2015a,
author = {Макаров, Д. А. and Панов, А. И. and Яковлев, К. С.},
journal = {Искусственный интеллект и принятие решений},
keywords = {14-11-00692,elibrary,mypub,vak,беспилотные летательные аппараты,знаковая картина мира,интеллектуальная система управления,многоуровневая архитектура,нелинейное управление,планирование траектории,уравнение Риккати},
language = {russian},
mendeley-tags = {14-11-00692,elibrary,mypub,vak},
number = {3},
pages = {18--33},
title = {{Архитектура многоуровневой интеллектуальной системы управления беспилотными летательными аппаратами}},
year = {2015}
}
@article{Panov2015h,
author = {Панов, А. И.},
journal = {Робототехника и техническая кибернетика},
keywords = {14-07-31194,elibrary,mypub,группа БПЛА,знак,иерархия автоматов,когнитивные процессы,представление знаний},
language = {russian},
mendeley-tags = {14-07-31194,elibrary,mypub},
number = {4(9)},
pages = {34--40},
title = {{Представление знаний автономных агентов, планирующих согласованные перемещения}},
year = {2015}
}
@article{Boiko2015,
author = {Бойко, А. А. and Кайдина, А. М. and Ким, Я. С. and Лупатов, А. Ю. and Панов, А. И. and Суворов, Р. Е. and Швец, А. В.},
journal = {Труды Института Системного Анализа РАН},
keywords = {13-07-12127,15-59-31516,AQ-метод,elibrary,mypub,vak,ДСМ-метод,анализ естественного языка,анализ текста,генетические алгоритмы,дендритные клетки,клеточная терапия,машинное обучение,причинно-следственные связи,противораковая вакцина},
language = {russian},
mendeley-tags = {13-07-12127,15-59-31516,elibrary,mypub,vak},
number = {4},
pages = {54--63},
title = {{Система анализа данных из научных источников на примере текстов по дендритноклеточным вакцинам}},
volume = {65},
year = {2015}
}
@article{Panov2015d,
author = {Панов, А. И. and Швец, А. В. and Волкова, Г. Д.},
journal = {Искусственный интеллект и принятие решений},
keywords = {13-07-12127,14-07-31194,AQ-обучение,elibrary,mypub,vak,ДСМ-метод,генетический алгоритм,машинное обучение,причинно-следственные отношения},
language = {russian},
mendeley-tags = {13-07-12127,14-07-31194,elibrary,mypub,vak},
number = {1},
pages = {27--34},
title = {{Метод извлечения причинно-следственных связей с использованием оптимизированных баз фактов}},
year = {2015}
}
@article{Osipov2015d,
author = {Осипов, Г. С. and Панов, А. И. and Чудова, Н. В.},
doi = {10.7868/S0002338815050108},
isbn = {0002338815},
journal = {Известия РАН. Теория и системы управления},
keywords = {14-11-00692,15-07-06214,elibrary,mypub,vak},
language = {russian},
mendeley-tags = {14-11-00692,15-07-06214,elibrary,mypub,vak},
number = {6},
pages = {47--61},
title = {{Управление поведением как функция сознания. II. Синтез плана поведения}},
year = {2015}
}
@article{Osipov2014c,
author = {Осипов, Г. С. and Панов, А. И. and Чудова, Н. В.},
doi = {10.7868/S000233881404012X},
issn = {0002-3388},
journal = {Известия Российской Академии Наук. Теория и системы управления},
keywords = {12-07-00611,elibrary,mypub,vak},
language = {russian},
mendeley-tags = {12-07-00611,elibrary,mypub,vak},
number = {4},
pages = {49--62},
title = {{Управление поведением как функция сознания. I. Картина мира и целеполагание}},
url = {http://elibrary.ru/item.asp?doi=10.7868/S000233881404012X},
year = {2014}
}
@article{Panov2014d,
author = {Панов, А. И.},
journal = {Машинное обучение и анализ данных},
keywords = {14-07-31194,elibrary,mypub,иерархическое динамическое распознавание,компьютерное когнитивное моделирование,корректность операторов распознавания,распознавание образов},
language = {russian},
mendeley-tags = {14-07-31194,elibrary,mypub},
number = {7},
pages = {863--874},
title = {{Алгебраические свойства операторов распознавания в моделях зрительного восприятия}},
volume = {1},
year = {2014}
}
