@ARTICLE{Tononi200649,
author={Tononi, G., Cirelli, C.},
title={Sleep function and synaptic homeostasis},
journal={Sleep Medicine Reviews},
year={2006},
volume={10},
number={1},
pages={49-62},
doi={10.1016/j.smrv.2005.05.002},
url={http://www.scopus.com/inward/record.url?eid=2-s2.0-30844435916&partnerID=40&md5=59902732a81a5e00a676e46190ddc8db},
document_type={Review},
source={Scopus},
keywords={tononi}
}

@ARTICLE{Huber200478,
author={Huber, R., Ghilardi, M.F., Massimini, M., Tononi, G.},
title={Local sleep and learning},
journal={Nature},
year={2004},
volume={430},
number={6995},
pages={78-81},
doi={10.1038/nature02663},
url={http://www.scopus.com/inward/record.url?eid=2-s2.0-3042764644&partnerID=40&md5=b6a30194c85b5b547b8e8fbcd7fcb237},
document_type={Article},
source={Scopus},
keywords={tononi}
}

@ARTICLE{Tononi19981846,
author={Tononi, G., Edelman, G.M.},
title={Consciousness and complexity},
journal={Science},
year={1998},
volume={282},
number={5395},
pages={1846-1851},
url={http://www.scopus.com/inward/record.url?eid=2-s2.0-0032484086&partnerID=40&md5=c00153747679942e5807b3ecccfad319},
document_type={Review},
source={Scopus},
keywords={tononi}
}

@ARTICLE{Tononi19945033,
author={Tononi, G., Sporns, O., Edelman, G.M.},
title={A measure for brain complexity: Relating functional segregation and integration in the nervous system},
journal={Proceedings of the National Academy of Sciences of the United States of America},
year={1994},
volume={91},
number={11},
pages={5033-5037},
doi={10.1073/pnas.91.11.5033},
url={http://www.scopus.com/inward/record.url?eid=2-s2.0-0028245445&partnerID=40&md5=9aaa418301074c3a1333029c1b45f898},
document_type={Article},
source={Scopus},
keywords={tononi}
}

@article{Oizumi2014,
	author = {Oizumi, Masafumi and Albantakis, Larissa and Tononi, Giulio},
	doi = {10.1371/journal.pcbi.1003588},
	issn = {1553-7358},
	journal = {PLoS Computational Biology},
	keywords = {consciousness},
	mendeley-groups = {Когнитивный подход/Сознание},
	mendeley-tags = {consciousness},
	number = {5},
	pages = {e1003588},
	title = {{From the Phenomenology to the Mechanisms of Consciousness: Integrated Information Theory 3.0}},
	url = {http://dx.plos.org/10.1371/journal.pcbi.1003588},
	volume = {10},
	year = {2014},
	keywords={iit}
}

