@book{Lem2015,
	address = {М.},
	author = {Лем, Станислав},
	language = {russian},
	pages = {416},
	publisher = {АСТ},
	title = {{Звездные дневники Ийона Тихого}},
	year = {2015}
}
