@phdthesis{Hanford2011,
author = {Hanford, Scott D.},
file = {:C$\backslash$:/Users/sanek/Documents/Mendeley Desktop/Unknown/2011/Hanford - 2011.pdf:pdf},
mendeley-groups = {Cogntive approach/Architectures},
number = {December},
school = {The Pennsylvania State University},
title = {{A cognitive robotic system based on the SOAR cognitive architecture for mobile robot navigation, search and mapping mission}},
year = {2011}
}
