@article{Zubarev2013,
author = {Зубарев, Д. В. and Макаров, Д. А. and Панов, А. И. and Яковлев, К. С.},
file = {:C$\backslash$:/Users/Aleksandr Panov/Documents/Mendeley Desktop/Авиакосмическое приборостроение/Зубарев et al/Зубарев et al.\_2013.pdf:pdf;:C$\backslash$:/Users/Aleksandr Panov/Documents/Mendeley Desktop/Авиакосмическое приборостроение/Зубарев et al/Зубарев et al.\_2013.docx:docx},
journal = {Авиакосмическое приборостроение},
keywords = {12-07-00611,12-07-31057,12-07-31058,computer cognitive mod-,control algorithms,control system architecture,controllers,eling,helicopters,mypub,trajectory planning methods,unmanned aerial vehicles},
language = {russian},
mendeley-tags = {12-07-00611,12-07-31057,12-07-31058,mypub},
number = {4},
pages = {10--28},
title = {{Принципы построения многоуровневых архитектур систем управления беспилотными летательными аппаратами}},
year = {2013}
}

@article{Osipov2014c,
author = {Осипов, Г. С. and Панов, А. И. and Чудова, Н. В.},
doi = {10.7868/S000233881404012X},
file = {:C$\backslash$:/Users/Aleksandr Panov/Documents/Mendeley Desktop/Известия Российской Академии Наук. Теория и системы управления/Осипов, Панов, Чудова/Осипов, Панов, Чудова\_2014.pdf:pdf;:C$\backslash$:/Users/Aleksandr Panov/Documents/Mendeley Desktop/Известия Российской Академии Наук. Теория и системы управления/Осипов, Панов, Чудова/Осипов, Панов, Чудова\_2014(2).pdf:pdf;:C$\backslash$:/Users/Aleksandr Panov/Documents/Mendeley Desktop/Известия Российской Академии Наук. Теория и системы управления/Осипов, Панов, Чудова/Осипов, Панов, Чудова\_2014.doc:doc},
issn = {0002-3388},
journal = {Известия Российской Академии Наук. Теория и системы управления},
keywords = {12-07-00611,mypub},
language = {russian},
mendeley-tags = {12-07-00611,mypub},
number = {4},
pages = {83--96},
title = {{Управление поведением как функция сознания. I. Картина мира и целеполагание}},
url = {http://elibrary.ru/item.asp?doi=10.7868/S000233881404012X},
year = {2014}
}
