Scopus
EXPORT DATE: 30 May 2016

@ARTICLE{Gluckman20091654,
author={Gluckman, P.D. and Hanson, M.A. and Bateson, P. and Beedle, A.S. and Law, C.M. and Bhutta, Z.A. and Anokhin, K.V. and Bougn√®res, P. and Chandak, G.R. and Dasgupta, P. and Smith, G.D. and Ellison, P.T. and Forrester, T.E. and Gilbert, S.F. and Jablonka, E. and Kaplan, H. and Prentice, A.M. and Simpson, S.J. and Uauy, R. and West-Eberhard, M.J.},
title={Towards a new developmental synthesis: adaptive developmental plasticity and human disease},
journal={The Lancet},
year={2009},
volume={373},
number={9675},
pages={1654-1657},
doi={10.1016/S0140-6736(09)60234-8},
note={cited By 163},
url={https://www.scopus.com/inward/record.uri?eid=2-s2.0-65449176476&partnerID=40&md5=77080d7a2e2e0656bd0100e9ad95387e},
document_type={Article},
source={Scopus},
}

@ARTICLE{Anokhin20021759,
author={Anokhin, K.V. and Tiunova, A.A. and Rose, S.P.R.},
title={Reminder effects - Reconsolidation or retrieval deficit? Pharmacological dissection with protein synthesis inhibitors following reminder for a passive-avoidance task in young chicks},
journal={European Journal of Neuroscience},
year={2002},
volume={15},
number={11},
pages={1759-1765},
doi={10.1046/j.1460-9568.2002.02023.x},
note={cited By 141},
url={https://www.scopus.com/inward/record.uri?eid=2-s2.0-0036460567&partnerID=40&md5=eb53439118cabb29ba89c9835e682634},
document_type={Article},
source={Scopus},
}

@ARTICLE{Anokhin1991101,
author={Anokhin, K.V. and Mileusnic, R. and Shamakina, I.Y. and Rose, S.P.R.},
title={Effects of early experience on c-fos gene expression in the chick forebrain},
journal={Brain Research},
year={1991},
volume={544},
number={1},
pages={101-107},
doi={10.1016/0006-8993(91)90890-8},
note={cited By 125},
url={https://www.scopus.com/inward/record.uri?eid=2-s2.0-0025818590&partnerID=40&md5=e9e34d619c2ad83b7d82e6b00617ced9},
document_type={Article},
source={Scopus},
}

@ARTICLE{Anokhin1991162,
author={Anokhin, K.V. and Rose, S.P.R.},
title={Learning-induced increase of immediate early gene messenger RNA in the chick forebrain},
journal={European Journal of Neuroscience},
year={1991},
volume={3},
number={2},
pages={162-167},
note={cited By 109},
url={https://www.scopus.com/inward/record.uri?eid=2-s2.0-0025979152&partnerID=40&md5=14c4a129ab83fd1259694f690007d131},
document_type={Article},
source={Scopus},
}

@ARTICLE{Litvin2000671,
author={Litvin, O.O. and Anokhin, K.V.},
title={Mechanisms of memory reorganization during retrieval of acquired behavioral experience in chicks: The effects of protein synthesis inhibition in the brain},
journal={Neuroscience and Behavioral Physiology},
year={2000},
volume={30},
number={6},
pages={671-678},
doi={10.1023/A:1026698700139},
note={cited By 47},
url={https://www.scopus.com/inward/record.uri?eid=2-s2.0-0034531017&partnerID=40&md5=0e063a2e2ed58502b1a6575fdfff4e8d},
document_type={Article},
source={Scopus},
}
