@article{Panov2016b,
author = {Panov, A. I. and Yakovlev, K. S.},
issn = {1877-0509},
journal = {Procedia Computer Science},
keywords = {plan},
mendeley-tags = {16-11-00048,mypub,scopus},
pages = {(In Press)},
title = {{Psychologically inspired planning method for smart relocation task}},
volume = {88},
year = {2016}
}
@incollection{Skrynnik2016,
author = {Skrynnik, A. and Petrov, A. and Panov, A. I.},
booktitle = {Biologically Inspired Cognitive Architectures (BICA) for Young Scientists},
doi = {10.1007/978-3-319-32554-5_28},
editor = {Samsonovich, Alexei V. and Klimov, Valentin V. and Rybina, Galina V.},
keywords = {htm},
mendeley-tags = {16-37-60055,myconf,scopus},
pages = {219--225},
publisher = {Springer International Publishing},
series = {Advances in Intelligent Systems and Computing},
title = {{Hierarchical Temporal Memory Implementation with Explicit States Extraction}},
url = {http://link.springer.com/10.1007/978-3-319-32554-5{\_}28},
year = {2016}
}
@article{Emelyanov2016,
author = {Emel'yanov, S. and Makarov, D. and Panov, A. I. and Yakovlev, K.},
doi = {10.1016/j.cogsys.2015.12.008},
issn = {1389-0417},
journal = {Cognitive Systems Research},
keywords = {strl},
mendeley-tags = {14-11-00692,mypub,scopus,wos},
pages = {58--72},
title = {{Multilayer cognitive architecture for UAV control}},
url = {http://linkinghub.elsevier.com/retrieve/pii/S1389041716000048},
volume = {39},
year = {2016}
}
@incollection{Panov2016a,
author = {Panov, A. I. and Yakovlev, K. S.},
booktitle = {Robot Intelligence Technology and Applications 4},
doi = {10.1007/978-3-319-31293-4_1},
editor = {Kim, Jong-Hwan and Karray, Fakhri and Jo, Jun and Sincak, Peter and Myung, Hyun},
keywords = {plan},
mendeley-tags = {14-07-31194,15-37-20893,myconf,scopus},
pages = {(In Press)},
series = {Advances in Intelligent Systems and Computing},
title = {{Behavior and path planning for the coalition of cognitive robots in smart relocation tasks}},
year = {2016}
}
@article{Panov2015h,
author = {Панов, А. И.},
journal = {Робототехника и техническая кибернетика},
keywords = {planknow},
language = {russian},
mendeley-tags = {14-07-31194,elibrary,mypub},
number = {4(9)},
pages = {34--40},
title = {{Представление знаний автономных агентов, планирующих согласованные перемещения}},
year = {2015}
}

@article{Makarov2015a,
author = {Макаров, Д. А. and Панов, А. И. and Яковлев, К. С.},
journal = {Искусственный интеллект и принятие решений},
keywords = {strl},
language = {russian},
mendeley-tags = {14-11-00692,elibrary,mypub,vak},
number = {3},
pages = {18--33},
title = {{Архитектура многоуровневой интеллектуальной системы управления беспилотными летательными аппаратами}},
year = {2015}
}
@article{Osipov2015d,
author = {Осипов, Г. С. and Панов, А. И. and Чудова, Н. В.},
doi = {10.7868/S0002338815050108},
isbn = {0002-3388},
journal = {Известия Российский академии наук. Теория и системы управления},
keywords = {signb, sign},
language = {russian},
mendeley-tags = {14-11-00692,15-07-06214,elibrary,mypub,vak},
number = {6},
pages = {47--61},
title = {{Управление поведением как функция сознания. II. Синтез плана поведения}},
year = {2015}
}
@article{Osipov2014c,
author = {Осипов, Г. С. and Панов, А. И. and Чудова, Н. В.},
doi = {10.7868/S000233881404012X},
issn = {0002-3388},
journal = {Известия Российской академии наук. Теория и системы управления},
keywords = {signa, sign},
language = {russian},
mendeley-tags = {12-07-00611,elibrary,mypub,vak},
number = {4},
pages = {49--62},
title = {{Управление поведением как функция сознания. I. Картина мира и целеполагание}},
url = {http://elibrary.ru/item.asp?doi=10.7868/S000233881404012X},
year = {2014}
}
@article{Panov2014d,
author = {Панов, А. И.},
journal = {Машинное обучение и анализ данных},
keywords = {per},
language = {russian},
mendeley-tags = {14-07-31194,elibrary,mypub},
number = {7},
pages = {863--874},
title = {{Алгебраические свойства операторов распознавания в моделях зрительного восприятия}},
volume = {1},
year = {2014}
}
@article{Zubarev2013,
author = {Зубарев, Д. В. and Макаров, Д. А. and Панов, А. И. and Яковлев, К. С.},
journal = {Авиакосмическое приборостроение},
keywords = {strl},
language = {russian},
mendeley-tags = {12-07-00611,12-07-31057,12-07-31058,elibrary,mypub},
number = {4},
pages = {10--28},
title = {{Принципы построения многоуровневых архитектур систем управления беспилотными летательными аппаратами}},
year = {2013}
}
